2558 4606
201 418 204 423 ,
252 355 305 414 rra
334 354 473 413 rotor.
500 355 607 414 rano.
647 356 756 417 1.111.
797 357 889 416 otr.
930 357 1008 434 54.
1113 357 1155 434 ⁶³

110 528 245 594 raoeniu
271 530 485 616 geographico
515 531 676 603 οοοιιηὶῐ,Ι
698 530 756 594 nio
778 528 875 614 prisca
896 544 1040 618 tempora
1060 531 1157 617 rcipi—

112 635 247 695 cientur.
301 633 376 696 Post
400 636 483 695 dicta
505 634 547 697 est
570 634 771 704 Aurelianus,
803 646 841 695 ot
865 633 959 698 docet
975 636 1093 699 Sararo
1112 634 1160 715 ad,

112 734 227 799 Sidon.
246 736 387 816 Aponio.
401 750 437 812 5.
452 732 538 818 epist.
561 753 614 815 ¹9·
631 755 663 817 p.
681 736 767 815 369.
817 734 1027 803 Posteriorem
1048 737 1175 800 nomi.

110 837 163 899 oia
178 850 312 919 partem,
326 837 456 908 danum,
471 856 511 899 ex
526 835 645 899 Celtice
659 855 750 907 voce.
764 856 825 919 qua
842 836 1032 922 fignificatur
1045 858 1152 910 mona.

110 939 302 1007 eminentia,
327 939 502 1021 explicant,
533 939 619 1020 qood
641 940 705 1001 iam
720 939 799 1003 olim
815 939 969 1011 adtulerat
983 939 1154 1025 Clitiphoo

111 1038 187 1104 trite
201 1040 374 1102 Plutarcho
389 1037 492 1123 spurio
509 1041 548 1103 de
564 1040 672 1103 floviia
689 1038 710 1102 s.
727 1061 761 1104 v.
776 1043 872 1104 Arar.
915 1038 966 1108 cf.
983 1041 1040 1103 ubi
1061 1040 1153 1126 plora

110 1138 338 1212 conferuntur,
365 1142 538 1211 Memoirea
562 1176 614 1189 -
639 1142 680 1205 de
696 1141 785 1205 Paria
805 1142 847 1205 T.
865 1143 899 1205 6.
922 1162 955 1227 p.
974 1146 1058 1224 641.
1095 1138 1154 1205 ubi

112 1240 205 1303 fimol
238 1241 417 1305 refutantur
449 1258 556 1305 contra
595 1241 765 1306 sentientes
791 1245 838 1304 du·
863 1244 949 1306 Foar
986 1248 1048 1325 (de
1069 1245 1154 1306 Lon·

110 1349 254 1427 gnome)
276 1361 308 1406 et
324 1345 427 1407 Valoia
449 1347 482 1406 in
506 1345 621 1421 Caylua
643 1346 762 1408 recueil
782 1340 984 1426 d’antiquittia
1007 1347 1085 1408 darre
1105 1345 1153 1408 lea

113 1445 230 1508 Gaolea
247 1467 277 1528 p.
300 1460 368 1524 153
389 1445 432 1528 [q.
468 1448 539 1509 vid.
556 1449 590 1508 in
607 1448 720 1528 primia
734 1446 884 1509 Falconet
902 1447 1088 1511 rechercher
1104 1444 1154 1509 sur

110 1546 139 1608 la
156 1548 365 1630 fignification
382 1549 427 1609 du
442 1562 512 1611 mot
526 1547 677 1611 Drtmum·
692 1549 725 1609 io
749 1548 923 1611 Memoirea
937 1582 990 1596 -
1011 1552 1051 1609 de
1065 1548 1154 1612 Paria

110 1648 151 1712 T.
169 1666 230 1712 9ο.
249 1669 281 1731 p.
306 1664 349 1729 13
369 1648 430 1730 sqq.
455 1652 511 1732 qui
526 1651 604 1711 item
620 1648 696 1711 alios
712 1648 846 1718 refutat,
873 1665 905 1713 et
921 1651 1018 1712 Fene}
1033 1651 1073 1712 T.
1092 1666 1153 1724 99.

109 1769 142 1832 p.
160 1766 208 1830 39
228 1748 291 1832 sqq.
343 1750 413 1814 Nec
428 1753 517 1812 aliter
535 1753 615 1812 olim
633 1751 804 1832 explicavit
819 1749 995 1815 casaubon.
1011 1751 1050 1813 ad
1070 1752 1154 1814 Sara·

110 1849 187 1915 bon.
203 1862 239 1930 4.
264 1873 296 1936 p.
315 1852 434 1928 r3a.i.
459 1871 539 1932 ¹91·
578 1852 698 1915 Contra
719 1851 922 1934 Popowitsch
944 1872 1022 1913 vom
1043 1851 1154 1916 Meeta

110 1972 182 2040 pag.
201 1968 259 2028 97.
282 1956 417 2036 explicat
433 1955 472 2016 de
493 1954 566 2016 loco
582 1952 688 2035 septo,
713 1953 829 2018 otalii.
880 1954 954 2016 Fuit
972 1955 1005 2013 in
1021 1972 1057 2015 ea
1072 1950 1153 2019 orb·

111 2056 309 2117 itinerarium
329 2056 482 2117 marmori
501 2055 711 2137 insculptum,
738 2054 913 2138 quodcum
932 2070 1047 2138 magna
1070 2054 1154 2117 Gon·

112 2158 259 2241 graphiae
291 2159 406 2219 iectura
435 2172 554 2219 temere
582 2154 734 2238 superiori
760 2157 841 2219 adeo
873 2155 994 2218 saeculo
1018 2157 1154 2225 aedificii

111 2256 322 2321 fondamento
346 2256 532 2321 substratam
558 2258 613 2323 eii.
653 2258 788 2324 viderie
808 2277 848 2322 eo
872 2257 999 2339 Seheyb
1024 2258 1064 2321 ati
1086 2256 1151 2322 tab.

109 2360 296 2447 Peutinger.
311 2380 345 2443 p.
365 2361 425 2424 96.

183 2564 382 2646 Treveri)
432 2564 481 2627 De
499 2561 648 2646 scriptura
666 2562 732 2626 vid.
748 2577 816 2627 not.
832 2563 901 2627 crit.
920 2583 950 2644 p.
967 2579 1013 2640 70
1029 2561 1072 2646 iq.
1094 2563 1153 2627 ubi

111 2665 186 2730 addi
204 2666 310 2750 potest
327 2663 463 2727 Valesius
485 2666 518 2725 in
536 2679 606 2728 not.
627 2665 751 2728 Galliae.
768 2686 838 2748 pag.
856 2666 940 2742 561.
991 2667 1083 2730 Circa
1100 2667 1153 2728 ad·

110 2765 315 2830 sectationem
340 2751 548 2829 Germanicae
576 2769 708 2852 originis
733 2765 916 2829 ambitiosos
937 2764 1027 2829 initio
1049 2781 1153 2831 narrat

108 2871 240 2931 Tacitus
256 2873 291 2930 iu
306 2869 415 2930 Germ.
433 2888 498 2950 cap.
517 2881 574 2944 98.
628 2869 678 2930 ad
697 2870 850 2929 Rhenum
875 2867 1022 2930 habitasse
1038 2871 1152 2933 strabo

110 2971 229 3053 aliique
248 2973 393 3038 tradunt.
421 2973 508 3030 cultu
529 2989 606 3030 vero
622 2985 653 3031 et
671 2969 791 3031 feritate
806 2990 872 3030 non
889 2971 1058 3031 muttuma
1074 2971 1152 3034 Ger·

111 3076 214 3135 mania
232 3074 349 3133 vicinio
364 3069 506 3146 ttiversoe
522 3069 622 3141 tuille,
644 3073 766 3133 Hirtino
784 3072 823 3132 de
842 3072 880 3133 Β.
897 3071 936 3133 G.
956 3083 988 3147 8.
1007 3083 1066 3148 95.
1100 3075 1151 3136 Do

96 3163 226 3236 'finibus
245 3181 359 3236 eorum
380 3174 542 3256 dioputant
559 3172 714 3235 cellarius
728 3174 762 3232 in
782 3173 899 3256 Geogr.
916 3186 981 3233 ant.
999 3189 1031 3242 9.
1044 3187 1076 3251 8.
1089 3175 1150 3254 96.

111 3264 244 3339 Cluver.
261 3279 296 3336 in
313 3275 423 3337 Germ.
444 3289 509 3338 ant.
526 3291 559 3343 9.
582 3286 635 3354 14.
658 3284 729 3361 pag.
748 3288 819 3354 379
837 3273 877 3354 iq.
909 3289 939 3336 et
958 3275 1090 3356 Spener.
1113 3277 1148 3337 in

110 3390 178 3441 not.
197 3378 310 3439 Germ.
326 3378 359 3443 6.
382 3388 414 3452 5.
440 3395 472 3456 p.
493 3390 564 3455 302
582 3374 624 3457 sq.
662 3379 699 3436 ln
715 3396 763 3446 eo,
787 3379 871 3458 quod
892 3377 1045 3437 Rhenum
1064 3397 1150 3440 acco·
1235 3440 1240 3451 ,

109 3477 249 3550 luerunt,
274 3476 479 3538 consentiunt
494 3495 618 3540 omnes.
642 3475 773 3538 Liberos
786 3490 882 3538 anteo
896 3482 988 3555 (ante
999 3477 1150 3562 Vespasia·

110 3584 206 3660 oum)
229 3582 309 3641 dicit
324 3581 410 3641 l'lin.
426 3583 461 3656 ip.
480 3594 538 3655 31.
554 3578 573 3641 i.
592 3594 645 3654 ¹7·
685 3580 803 3641 Urbem
819 3599 929 3641 eorum
946 3581 1149 3665 praeeipuam

110 3684 230 3762 primae
251 3684 520 3743 commemoravit
547 3682 633 3743 Mela
652 3681 843 3771 Augustam,
873 3683 925 3741 cui
945 3681 1149 3744 Ptolemaeus

113 3780 147 3851 a.
165 3804 200 3864 9.
219 3776 357 3852 [eddidit
381 3769 562 3863 cognomen
585 3780 773 3871 Tpryssrpoio‚
807 3795 844 3842 ut
870 3785 904 3864 irr
934 3782 1038 3843 tabula
1069 3785 1149 3846 Peu-

114 3879 222 3970 tioger.
235 3904 268 3948 9.
287 3887 326 3948 Λ.
357 3887 392 3945 ,Δ
412 3885 524 3946 Tacito
539 3885 617 3947 Hiit.
634 3894 670 3963 4,
687 3884 857 3959 62.'et72.
876 3897 1009 3944 vocatur
1026 3884 1150 3947 eoloriia

116 3986 323 4051 Treveromm.
358 3984 636 4066 Post-simpliciter
652 3985 733 4051 dicta
751 3987 794 4061 est
813 3985 946 4046 Treveri.
982 3983 1033 4048 cf.
1050 3984 1148 4051 vales.

114 4106 141 4170 p.
156 4101 213 4169 58.
232 4109 261 4153 c.
278 4089 302 4151 l.
330 4083 465 4170 Spiaer.
484 4086 564 4166 6.³5‚
575 4107 609 4169 9.
626 4109 660 4173 p.
674 4101 742 4174 395
755 4088 796 4171 sq.
813 4109 840 4152 c.
856 4088 879 4150 1.
908 4087 1150 4163 Hinc-Trivoria
