2558 4606
234 340 290 439 rra
314 339 454 435 roua.
483 340 592 437 nar.
633 341 670 401 r.
691 344 745 402 m.
785 344 820 407 c.
840 342 920 407 vm.
960 342 1039 416 ιι.
1098 350 1163 425 ⁸⁷9

116 512 301 585 Miscellan.
316 514 394 579 sacr.
411 524 448 595 4,
468 532 525 581 9ὀ.
543 531 578 580 ct
588 516 783 603 Ludolphus
800 514 837 581 in
852 533 1030 583 comment.
1047 515 1157 584 histor.

116 617 274 703 Aethiop.
295 640 325 691 1,
338 620 396 690 96,
411 618 480 703 rsq.
513 619 678 683 Bocharto
693 618 872 683 adsentitur
887 619 986 683 etiam
1002 624 1032 683 le
1046 620 1159 683 Grand

115 722 160 787 ud
173 720 270 783 Lobo
290 737 415 803 voyage
430 716 700 785 (laudunicam.
719 725 751 786 6.
776 724 816 785 Τ.
837 747 865 786 1.
892 745 924 806 p.
940 744 983 785 m.
1002 721 1162 809 3261qq.

116 820 177 911 qui
198 835 367 908 praeterea
388 823 430 883 src
445 820 529 885 forte
545 819 675 887 dictum
691 838 785 909 putat
804 845 822 886 a
844 825 993 888 claffihur
1010 825 1156 885 Salomo-

114 922 179 991 nis.
220 924 273 989 cf.
290 920 389 985 etiam
402 924 511 985 Bruce
532 921 692 1009 (Reiserr)
712 927 783 989 Vol.
802 949 831 989 ι.
848 948 881 1009 p.
898 937 982 1009 987.
1017 922 1158 988 Dubitat

114 1042 230 1091 tamen
255 1022 429 1087 Reimarus
454 1014 495 1086 ad
522 1023 623 1089 Dion.
646 1028 706 1105 68,
732 1038 787 1104 98.
821 1049 898 1091 cum
925 1030 968 1090 src
992 1046 1157 1111 nusquam

114 1148 208 1193 mare
225 1126 418 1210 adpelletur.
468 1123 555 1189 Alias
571 1124 643 1192 eius
662 1124 809 1191 nominis
832 1128 940 1192 causas
956 1126 1043 1191 infra
1058 1128 1153 1190 dabo.

113 1230 209 1293 ldem
231 1226 312 1291 'vero
334 1224 435 1289 etiam
459 1244 597 1293 vocatur
624 1252 710 1293 orare
733 1230 935 1293 rrreridiorralo
962 1225 1072 1316 (voa-iay
1096 1221 1157 1292 sa'·

113 1326 245 1410 λασσα)
269 1330 310 1391 ab
339 1329 509 1391 Herodoto
536 1348 569 1403 9,
596 1341 676 1411 ι58.
712 1329 773 1394 ubi
806 1329 944 1419 quidem
974 1327 1157 1415 obponitur
1184 1370 1187 1375 -

113 1428 244 1497 boreali
262 1426 287 1493 i.
302 1451 332 1493 c.
348 1427 481 1493 interno
496 1430 536 1493 ad
546 1428 686 1513 Syriam.
713 1433 770 1498 'Cb
784 1444 820 1511 4,
838 1449 896 1511 57.
937 1435 985 1497 lta
995 1429 1154 1495 Arabicus

112 1536 201 1599 finus
217 1532 249 1594 fe
270 1529 412 1595 effundit
434 1530 476 1605 εἰς
491 1528 550 1597 rob
569 1530 659 1599 nard
676 1532 887 1626 μεσημβρίαν
900 1524 1042 1599 ὠκεανόν
1064 1532 1155 1618 apud

111 1634 254 1701 Diodor.
272 1650 307 1711 3.
325 1644 382 1713 38.
407 1649 440 1695 et
454 1632 516 1698 fec.
532 1636 726 1701 Strabonem
741 1654 774 1703 9.
797 1659 829 1721 p.
848 1647 906 1713 83.
922 1636 944 1697 1.
965 1654 1045 1699 aar.
1065 1650 1154 1699 uter·

112 1758 180 1826 que
206 1738 293 1799 linus
320 1731 712 1812 alr-'aoriadeAwoam
755 1736 912 1823 idemque
935 1733 1089 1807 Arabiam
1110 1734 1154 1797 ad
1265 1746 1268 1751 '

110 1858 206 1903 mare
224 1833 427 1901 Atlanticum
450 1836 614 1923 permittit¹
634 1842 689 1904 16.
705 1860 737 1925 p.
756 1850 839 1923 598.
856 1836 979 1916 1.·767.
1031 1838 1097 1900 Sed
1115 1833 1159 1897 in

111 1937 243 2005 ambitu
276 1936 361 2001 eiua·
374 1953 408 2000 ct
431 1936 565 2001 finibur'
578 1938 754 2003 statuendis
786 1938 973 2025 discrepant
999 1953 1153 2001 veterum

102 2030 329 2108 ‘ammonet
365 2040 469 2102 Modo
485 2036 578 2103 enim
594 2038 721 2114 latiori,
744 2042 846 2103 modo
863 2036 1042 2126 angustiori
1059 2037 1154 2101 sensu

109 2141 262 2233 ponitur.
292 2138 512 2204 Latiarifacit
526 2142 610 2205 duoa
625 2144 729 2215 finum·
739 2140 917 2207 Arabicum
931 2159 965 2205 et
976 2142 1153 2212 Perficum,

110 2266 180 2335 quo
197 2240 365 2308 intellexit
375 2232 502 2317 Noster,
527 2245 643 2307 Strabo
665 2246 720 2309 16.
735 2267 768 2330 p.
786 2242 870 2323 596.
885 2244 906 2307 l.
918 2246 1002 2323 765.
1017 2239 1151 2327 aliique.

101 2342 299 2431 Angustiori
330 2343 425 2428 saepe
451 2343 659 2410 de‘Arabico
690 2349 760 2408 [inu
784 2343 922 2411 dicitur.
979 2341 1035 2409 Sic
1060 2362 1154 2407 mare

108 2452 252 2515 rubrum
274 2447 401 2509 l'erfico
425 2442 564 2529 obponit
586 2445 670 2512 Plio.
688 2449 723 2519 6,
741 2462 799 2527 59.
821 2448 842 2516 l.
865 2458 924 2525 98.
949 2443 1009 2509 ubi
1029 2441 1153 2517 scribit,

110 2546 266 2617 Arabiam
285 2545 374 2609 inter
393 2546 461 2609 duo
483 2545 540 2609 illa
563 2546 666 2611 maria
685 2568 896 2633 procurrere,
922 2561 963 2611 ut'
977 2548 1018 2610 de
1033 2543 1153 2611 Arabia

109 2649 262 2740 loquitur
279 2647 379 2715 etiam
389 2647 551 2714 Ammian.
569 2667 587 2710 9
593 2664 626 2726 3.
643 2651 677 2713 6.
693 2672 726 2733 p.
740 2670 822 2731 290.
838 2652 985 2713 Gronov.
1009 2666 1164 2733 proquo

106 2750 253 2834 Dionys.
267 2770 300 2815 v.
315 2770 400 2831 999.
421 2752 520 2813 habet
539 2770 624 2811 mare
641 2748 798 2843 Persicam
815 2768 849 2814 et
862 2749 1042 2821 Arabicum,
1069 2751 1153 2814 Oro⁴

112 2858 180 2919 Suu
197 2878 228 2928 ι,
246 2872 277 2918 9.
299 2873 371 2937 pag.
392 2863 445 2931 14.
462 2852 606 2927 Haverc.¹
613 2847 724 2939 sinum
741 2852 897 2945 Persicum
916 2868 950 2915 et
972 2849 1150 2917 Arabicam.

89 2954 241 3021 'Eadem
264 2950 424 3039 obpositio
447 2951 490 3013 est
514 2947 551 3014 in
572 2948 682 3015 Plinio
703 2968 761 3031 59,
791 2976 844 3017 ιι.
867 2952 887 3017 1.
910 2970 941 3016 9.
992 2952 1030 3013 Id
1052 2968 1153 3035 porro

111 3053 315 3145 intelligitur
336 3076 377 3117 ex
400 3056 460 3117 srtu
484 3049 704 3118 adiacentium
727 3058 887 3119 locorum.
927 3050 983 3117 Sic
1001 3040 1155 3115 Arabiam

69 3180 75 3187 ·
113 3182 195 3227 mm
210 3156 326 3223 Nostro
347 3179 377 3228 r,
397 3178 452 3223 ιο.
475 3151 604 3219 Plinius
618 3166 653 3231 5,
674 3172 729 3219 ro.
742 3155 763 3219 l.
781 3179 834 3220 rr.
854 3156 896 3218 ad
910 3156 1049 3217 rubrum
1064 3172 1155 3216 mare

114 3278 151 3329 ct
171 3256 372 3324 odoriferam
394 3254 485 3320 illam
507 3259 620 3339 beatae
645 3255 846 3341 cognomine
872 3254 1032 3320 inclutam
1058 3250 1157 3339 perti-

112 3384 196 3431 nere
212 3357 315 3433 dicit,
341 3356 425 3431 ubi.
443 3373 644 3442 cumaperte
657 3357 812 3423 Arabiam
827 3357 965 3423 sterilem
984 3354 1157 3439 intelli-gat,

114 3484 209 3531 mare
234 3463 374 3525 rubrum
396 3456 559 3543 etiamad
582 3461 687 3523 finum
709 3463 875 3526 Persicum
902 3456 1017 3522 referri
1045 3456 1158 3542 potest.

117 3564 174 3633 Sic
188 3564 345 3629 Arli'noen
356 3558 443 3625 Plin.
457 3584 486 3628 c.
504 3562 533 3625 1..
551 3559 643 3624 rubri
653 3559 760 3625 maris
775 3560 936 3646 oppidum
952 3557 1042 3632 facit,
1068 3558 1159 3645 quod

108 3663 253 3759 ¹proprie
279 3665 458 3743 erat-'finnt
482 3660 626 3727 Arabici.
691 3662 805 3728 Sinam
829 3678 979 3727 montem
1002 3663 1043 3724 ad
1068 3680 1160 3725 marc

117 3772 260 3835 rubrum
278 3763 376 3851 ponit
389 3762 573 3849 Procopius
584 3767 629 3827 de
645 3763 743 3852 aedil.
760 3778 793 3847 5,
816 3775 851 3843 8.
873 3761 1001 3849 Cephei
1023 3782 1164 3849 regnum

120 3874 241 3955 Conon
254 3884 374 3932 narrat.
389 3878 449 3949 4ο.
466 3866 584 3931 amari
599 3864 732 3931 interno
748 3868 790 3931 ad
806 3888 880 3931 eam
887 3863 1187 3951 usqaetrabiam.-··

123 3995 206 4065 quae
221 3968 336 4051 vicina
354 3970 398 4033 est
413 3970 514 4032 rubro
527 3966 620 4045 artari
638 3967 662 4034 i.·
677 3990 706 4033 e.
721 3966 860 4035 antico
871 3964 970 4040 finni,
994 3965 1164 4052 permittit.

123 4076 175 4145 (ll.
192 4072 337 4160 Probop.
359 4060 511 4146 debello
531 4071 682 4159 Part-r.
697 4090 752 4157 ²9·
768 4069 817 4147 in,
836 4068 984 4137 89199919-
998 4068 1045 4135 td
1061 4067 1175 4137 Solia!
1223 4160 1226 4165 .
