2558 4606
184 340 247 405 320
444 326 627 389 ‘rtomu
655 288 959 390 uxuouur'cur

184 498 312 566 lentam
326 502 462 564 alterum
476 503 572 585 ponit
585 501 682 564 etiam
695 500 901 565 Ptolemaeus
917 498 951 573 6,
969 512 1003 579 5.
1016 528 1029 543 ·=
1043 500 1095 561 Ex
1115 496 1233 582 quibu·

184 603 293 669 evinci
319 605 407 690 polle
433 606 577 676 videtur,
611 604 668 667 etsi
691 603 835 667 diverlue
857 605 912 667 hie
936 602 980 666 eu
1002 622 1019 664 a
1041 588 1232 687 Pasitigride'

184 706 301 778 Plinii,
320 727 397 775 ¹non
416 719 524 769 tamen
546 704 607 768 elle
624 707 832 779 Oroatidem.,
857 722 896 770 et
911 704 1079 768 dialenrire
1097 696 1184 767 inter
1201 702 1232 767 le

184 821 219 872 et
235 829 316 895 vage
338 808 462 869 fluxum
478 810 546 869 eius
565 808 714 871 indicere.
766 809 816 873 lta
831 804 999 891 Choaspen
1014 807 1232 898 et-Eulaeum,

159 930 283 993 ,quem
299 930 339 974 ex
359 910 470 977 Media
490 908 621 972 deducit
634 911 668 981 6,
692 923 751 991 51.
775 910 796 973 l.
819 924 880 986 97.
908 910 947 973 ab
964 910 1088 973 Eulaeo
1113 908 1236 992 separat-

184 1010 329 1095 Pliniue.
367 1015 423 1093 qui
455 1024 558 1074 narrat
577 1026 635 1088 51,
658 1029 718 1076 91.
743 1010 765 1074 la
783 1027 816 1091 5.
842 1011 1038 1077 Parthorum
1070 1029 1165 1099 reget
1193 1028 1232 1073 ex

182 1113 329 1196 Choalpe
350 1128 383 1176 et
397 1114 519 1181 Eulaeo
540 1128 666 1185 tautum
687 1113 813 1186 bibere,
843 1114 930 1197 quod
949 1112 1072 1177 Herod.
1091 1132 1125 1184 1.
1147 1122 1230 1189 188.

182 1215 225 1278 de
240 1214 306 1279 solo
324 1200 420 1277 habet
430 1214 584 1297 Choaspe,
600 1214 724 1279 Pliniur
741 1215 806 1299 iple
821 1217 854 1287 6,
872 1214 962 1295 51..1.
974 1230 1035 1290 971
1049 1215 1091 1277 de
1105 1214 1229 1283 1111111111

180 1314 291 1380 refert.
309 1382 312 1387 ⁴
325 1317 367 1379 tt
379 1318 506 1402 gravior
517 1317 571 1389 eii.
593 1318 684 1400 quod
697 1316 750 1380 hic
763 1316 935 1400 Choaspen
949 1314 1039 1402 lupre
1052 1316 1230 1383 Cheraoem

182 1420 358 1501 oppidum,
398 1419 557 1481 Eulaeum
583 1422 617 1488 6.
643 1421 702 1484 96.
728 1419 749 1482 1.
775 1435 835 1501 95.
869 1423 959 1483 iuxta
991 1418 1230 1487 chanamir

180 1520 308 1605 Tigrim
325 1520 465 1585 deducit.
507 1507 581 1584 Vid.
598 1523 755 1586 Haeduin.
772 1524 812 1585 arl
826 1522 926 1587 Plinii
947 1522 1228 1603 prioremtueum.

179 1619 400 1703 Dielenfionee
420 1624 492 1685 illae
512 1608 627 1700 partini
648 1631 740 1677 natae
762 1623 915 1679 videntur
937 1636 978 1681 ex
1002 1618 1103 1681 alveis
1130 1618 1228 1701 pluri·

179 1721 240 1785 bue
249 1766 258 1795 ,
285 1727 373 1784 varie
389 1706 536 1790 mutatio,
559 1718 675 1800 quibus
692 1738 802 1780 amnee
817 1719 882 1791 alii,
905 1720 960 1781 vel
975 1718 1151 1801 Euphratia
1165 1721 1229 1783 riri

178 1826 214 1886 in
230 1825 357 1907 Tigrim
372 1820 529 1901 feruntur,
553 1821 593 1883 de
608 1820 726 1903 quibue
740 1820 855 1901 pollen.
908 1822 960 1883 De
976 1821 1055 1892 latu,
1078 1823 1115 1883 in
1128 1838 1229 1907 quem

178 1941 258 1997 eure
279 1928 404 1987 exitum
428 1921 458 1984 le
476 1922 644 1992 effundit,-
659 1920 785 1985 Plinius
802 1923 899 1983 etiam
918 1924 950 1994 6.
965 1925 1023 1989 96.
1042 1921 1065 1987 1.
1084 1936 1147 2001 95.
1170 1922 1228 1987 uhi

178 2047 220 2092 ex
237 2029 357 2089 Eulaeo
374 2025 466 2087 limul
481 2025 583 2085 fluvio
599 2025 692 2085 illurn
706 2020 792 2087 effici
807 2022 931 2094 lerihit.
958 2026 1011 2086 eui
1025 2023 1116 2089 eddir
1131 2024 1228 2107 Poly*

82 2190 84 2195 ,
179 2132 281 2192 rietur
303 2127 390 2211 apud
412 2122 604 2188 Strabonem
625 2137 681 2203 15.
700 2144 774 2210 pag.
792 2132 879 2203 5'o-r.
900 2125 1025 2203 1.·798.
1044 2124 1226 2213 Choaspen.

177 2233 261 2294 Eiue
274 2233 371 2303 etiam
387 2228 539 2289 meminit
556 2226 719 2288 Nearchus
742 2248 775 2310 p.
795 2240 854 2308 57.
872 2226 1017 2307 (Hudl.)
1038 2228 1227 2299 in-hrriauo

178 2334 219 2396 de
244 2332 365 2393 Indicia
389 2350 456 2414 cap.
468 2339 536 2409 49.
564 2326 734 2392 Plinius-c.
751 2328 783 2409 l.x
796 2348 896 2415 prope
912 2329 1087 2397 Charetem
1111 2332 1227 2395 urbem

177 2435 284 2518 ponit.
321 2433 414 2496 idern
432 2432 465 2501 6,
480 2446 538 2508 51.
559 2428 579 2493 1.
598 2445 656 2507 97.
676 2431 802 2493 exitum
817 2415 955 2495 in'mare
969 2432 1101 2497 deducit
1116 2418 1226 2497 deutra

177 2537 340 2608 Chaireon,
363 2533 461 2617 quod,
490 2532 512 2592 fi
533 2533 691 2617 superiora
712 2533 831 2606 valent·
857 2533 899 2597 de
917 2534 991 2597 loto
1007 2532 1090 2597 iufra
1108 2535 1242 2599 Cheru·

176 2658 247 2701 cem
262 2637 400 2721 intelligi
413 2635 523 2699 debet.
564 2636 613 2698 De
630 2634 768 2699 Charace
783 2648 910 2706 autern,
934 2656 1033 2719 quem
1047 2636 1224 2701 cunnum

174 2736 312 2811 Paiinie,
342 2741 397 2801 alii
413 2738 551 2822 Spuiinie
574 2751 708 2808 vocant,
734 2738 893 2819 oppidum
907 2736 1023 2803 Persici
1041 2737 1128 2804 finue
1150 2740 1222 2803 intl-

174 2862 279 2918 mum,
302 2842 471 2910 eonditum
487 2839 528 2902 ab
539 2841 716 2903 Alexandro
730 2839 778 2902 M.
795 2837 981 2927 restitutum·
992 2841 1031 2904 eb
1047 2840 1222 2915 Antiocho,

172 2945 283 3027 posta
304 2943 432 3013 Paline,
468 2942 703 3005 undenomen
731 2940 886 3020 adheleit,
926 2943 996 3005 vid.
1018 2960 1060 3007 ert
1083 2944 1223 3027 antiquie

173 3042 263 3111 Plin.
278 3046 312 3117 6.
339 3059 399 3129 51.
421 3043 442 3109 l.
465 3030 595 3121 97111-
608 3042 858 3116 recentioribus,
896 3046 960 3127 qui·
977 3058 1130 3109 veterum
1144 3046 1222 3111 -loor
1241 3078 1244 3082 ·

173 3148 327 3233 conlegit,
351 3146 534 3212 Salmal-ad
547 3146 652 3210 'salin
669 3166 736 3230 cap.
752 3144 975 3232 53.1.56.·Ρ.
991 3168 1037 3212 111.
1051 3158 1145 3229 547..
1164 3148 1223 3231 qul

173 3245 345 3315 Σπασίνου
369 3246 532 3322 defendit,
567 3247 624 3312 etii
640 3249 790 3311 'alterum
815 3248 1082 3331 plurea'habent.
1122 3250 1222 3313 ’1111111

173 3365 282 3415 temen
315 3352 472 3434 Stephani
494 3353 634 3415 maxime
658 3352 846 3414 auctoritate
875 3353 1029 3415 firmatur.
1074 3351 1222 3419 nunhur

173 3454 227 3516 alii
252 3453 338 3517 oliiie
353 3455 479 3538 Tigrim
500 3456 536 3516 in
555 3454 660 3516 smum
681 3451 842 3542 Periicuru
865 3456 1039 3528 emittunt,
1065 3455 1107 3516 ad
1129 3454 1222 3517 enen

171 3556 289 3643 ollium
322 3546 681 3639 occidentale··ponunt
706 3550 912 3617 Teredonem
945 3556 1078 3627 urbem,
1116 3554 1221 3619 veluti

171 3656 378 3725 Ptolemaeus
395 3670 429 3735 5.
454 3674 513 3722 9ο.
546 3676 642 3739 quam
670 3670 779 3724 tamen
800 3657 919 3719 alii'2ad
942 3657 1018 3722 ollia
1046 3656 1232 3741 tophum·

45 3762 51 3772 '
171 3758 379 3829 transierunt,
401 3760 438 3847 in
454 3759 571 3842 quibur
585 3757 699 3822 Strabo
716 3774 750 3822 9.
764 3778 797 3845 p.
809 3764 868 3837 5'5.
887 3758 991 3836 fugos
1013 3760 1070 3827 16.
1086 3762 1217 3847 prmo·

173 3860 196 3925 1.
215 3863 299 3939 765.
319 3880 358 3923 ex
380 3862 596 3925 Eratosthenia
617 3860 790 3931 sententia,
816 3861 952 3943 Dionyt
971 3882 1004 3927 v.
1021 3874 1108 3943 959.
1131 3864 1219 3928 sun.

171 3962 267 4026 bonis
282 3964 437 4059 enitar.
453 3980 485 4047 ρ’.
505 3966 587 4046 146.
618 3965 673 4028 16.
693 3985 727 4048 p.
746 3979 832 4027 919.
853 3962 999 4045 (Hudl.)
1039 3964 1218 4050 Quiequir

161 4065 248 4130 dem
279 4065 321 4153 de
352 4067 587 4152 antiquioribur
617 4065 822 4166 temporibur
836 4067 991 4171 uolente
1016 4066 1216 4177 Euphratem
