2558 4606
244 346 597 447 insonanter..
639 352 884 429 nrm-'um
925 364 1005 465 sa.
1087 375 1154 445 ω
1249 380 1272 393 ¹·

106 537 205 603 donis
219 538 320 602 insula
335 543 476 605 multum
492 539 685 629 famigerata.
712 524 1010 606 Ultimnm'nbmen
1025 524 1152 606 alluit-²

108 644 195 704 dano
222 641 243 707 s.
271 643 441 707 Brendano
472 646 571 708 scoto
600 638 929 726 eodemque-Sancto
960 659 1152 728 corruptum

107 757 203 829 putat
230 742 372 819 Vossius,
407 748 557 810 inanius
589 748 654 809 vita
688 745 835 808 inaccessa
867 745 966 808 insula
993 762 1150 813 occurrat.

109 846 234 931 Quarta
250 846 292 907 est
316 848 494 927 Capraria.
514 848 641 911 lacertis
664 846 797 939 resert'a.¹
822 849 946 911 Plinius
960 862 994 910 et
1010 850 1073 911 alii.
1103 850 1152 912 ‘tt
1191 846 1194 851 ’
1257 910 1260 915 .

107 948 276 1012 Satmauus
289 949 441 1015 iuSolln.
456 956 491 1031 p.'
504 970 549 1013 m.
566 964 651 1029 927.
675 969 750 1011 curn
771 966 840 1012 non
864 952 982 1030 capris·
1025 948 1154 1033 bseqot·

108 1063 171 1122 tur,
187 1047 250 1111 *sed
266 1050 398 1119 lacertis.
419 1066 531 1135 argute
545 1052 676 1132 quidem
693 1052 784 1111 malit
796 1046 970 1140 Σαυρὰρῖα
1032 1064 1062 1114 ta
1076 1052 1152 1119 uto

109 1151 278 1222 Graecum,
301 1154 320 1213 i.
339 1173 367 1216 o.
382 1153 424 1225 Σ,
448 1152 549 1234 proc
566 1142 682 1214 Latino
699 1153 817 1237 legerit
829 1152 965 1216 Plinius.
979 1140 1053 1216 *sea
1073 1160 1158 1221 cunr

109 1252 215 1331 Sostra
231 1254 265 1313 in
284 1255 404 1316 Latinis
419 1272 563 1317 occurrat
578 1269 611 1317 et
634 1256 709 1315 hinc
729 1254 836 1315 Plinio
853 1256 905 1316 val
929 1256 988 1315 hac
1008 1256 1048 1318 tle
1064 1257 1158 1325 cause

109 1355 261 1441 ignotum
281 1354 340 1418 elle
361 1358 498 1418 minime
521 1358 680 1439 potuerit.
710 1352 884 1417 subiecillet
907 1357 1038 1437 utique.
1067 1356 1152 1422 fiita

109 1455 241 1540 legisset.
284 1459 410 1519 Deinde
424 1458 611 1521 Ptolemaeo
627 1479 653 1521 c.
669 1459 692 1519 l.
716 1456 771 1518 etsi
785 1456 882 1540 paulo
896 1459 998 1528 aliter,
1024 1458 1159 1524 cittis:

111 1556 250 1645 crespio.
276 1560 368 1636 (aliae
391 1562 465 1623 adsit
489 1556 686 1648 lionirspia.)
717 1559 812 1621 Forte
834 1558 981 1641 Capraria
1004 1581 1022 1621 a
1048 1557 1156 1625 forma·

109 1658 254 1723 saxorum
278 1660 378 1732 dicta,
405 1675 444 1723 nt
468 1681 554 1724 mare
582 1664 744 1745 Aegaeum
767 1660 895 1722 volunt.
941 1660 985 1721 ll.
1006 1660 1090 1735 s’isle
1113 1664 1153 1724 de

108 1761 220 1824 Palma
248 1776 388 1842 putatur.
446 1746 554 1824 Habet
585 1766 682 1826 etiam
706 1762 890 1845 Caprariam
917 1760 1070 1832 Sebosus,
1097 1754 1161 1827 enl-

110 1860 255 1926 seorsum
272 1865 311 1926 ab
328 1865 387 1927 hie.
426 1865 576 1927 Proxima
597 1864 755 1932 Nivaria.
779 1863 813 1923 iu
830 1862 930 1927 Plinii
945 1862 1050 1925 coda.
1067 1864 1161 1927 Nino*

110 1964 237 2049 guarin,
257 1967 345 2051 quod
362 1967 495 2049 perinde
510 1964 561 2035 est.
577 1986 593 2027 a
608 1979 760 2047 perpetua
776 1965 853 2026 nive
868 1976 901 2025 et
914 1964 1052 2028 nebulis.
1076 1954 1159 2029 Pto-²

109 2066 235 2132 lemaeo
249 2088 277 2130 e.
292 2069 313 2131 l.
329 2065 524 2154 lsaaroupio‚
540 2066 638 2144 (liert.
658 2066 708 2127 secl
725 2066 779 2127 ed.
788 2066 917 2150 urgent.
933 2063 1161 2155 IltvrooopiuJ.

109 2188 172 2254 pro
192 2166 408 2258 Nippooopia.
461 2165 586 2232 Vossius
607 2170 646 2230 atl
663 2167 787 2229 Melani
803 2167 835 2229 h.
852 2168 874 2231 l.
894 2169 1028 2229 eandem
1049 2183 1154 2251 putat,

111 2282 148 2334 et
169 2267 380 2360 'Arptiotron
413 2271 489 2334 licet
511 2270 682 2356 distinguat
706 2268 926 2342 Ptolemaeus,
958 2267 1054 2331 dubia
1074 2272 1153 2334 'ate

110 2372 159 2435 H..
175 2371 256 2433 sirie
276 2372 316 2432 de
341 2369 511 2461 Teneriffe,
538 2387 576 2433 ut
603 2372 676 2444 vult
698 2358 904 2440 Hardoinua.
935 2372 1007 2453 quia
1030 2369 1091 2434 sola
1113 2390 1156 2435 ex

110 2473 253 2538 Canariis
268 2472 377 2538 insulis
398 2474 475 2537 trive
489 2474 640 2536 abundat.
665 2476 668 2483 ’
692 2472 755 2535 Sed
777 2475 848 2554 quia
866 2472 1052 2534 Harduinna
1071 2472 1157 2535 Con·

109 2574 226 2639 vallent
247 2576 353 2639 Seboii
373 2572 508 2637 eandem
531 2576 685 2645 adfirmat,
706 2573 804 2645 varie,
828 2572 945 2635 iiillud
963 2592 1077 2637 verum
1099 2574 1154 2657 est,

98 2676 278 2740 ⁴verteribus
298 2678 380 2739 dicta
404 2674 476 2739 suit.
528 2678 677 2758 Denique
699 2674 743 2737 est
768 2675 911 2739 Canania
933 2676 1031 2738 etiam
1046 2676 1161 2739 Ptole?

110 2788 205 2841 ritaeo
227 2798 374 2841 acanum
396 2779 603 2841 multitudine
625 2779 767 2861 ingentia
789 2776 1039 2860 magnitudinis,
1066 2780 1156 2842 nn'de

112 2881 254 2963 reliquae
283 2880 385 2943 <lictae
418 2879 497 2942 snut.
533 2880 594 2955 il.
616 2878 695 2940 l't‘sia
720 2877 759 2938 de
788 2876 935 2941 Canania.
987 2880 1055 2940 Hae
1083 2878 1156 2941 lunt

112 2980 218 3045 Plinii
235 2982 432 3065 aliorumque
456 2981 507 3045 sex
530 2978 663 3049 insulae.
694 2980 729 3040 in
752 2998 886 3061 quarum
909 2981 1155 3044 enumeratione
1222 3040 1235 3063 ι

111 3084 241 3146 tertiam
265 3084 371 3146 omisit
392 3085 496 3148 Brune
517 3084 551 3146 in
573 3079 756 3146 Handbuoh
777 3082 833 3144 der
858 3081 942 3167 alten
966 3079 1154 3146 Erdbeschr.

112 3186 187 3248 Vol.
204 3201 237 3248 2.
254 3206 326 3270 pag.
348 3198 428 3263 157.
446 3187 477 3250 b.
511 3186 642 3247 Procius
666 3183 902 3254 autemlibcs.
924 3183 1168 3246 intimaeum'
1259 3200 1262 3205 ·

114 3287 228 3350 decem
248 3304 406 3359 numerat,
433 3286 552 3372 septem
576 3284 781 3369 Proserpinae
806 3282 917 3354 sacras.
943 3304 978 3344 ac
999 3282 1061 3347 lrea
1077 3285 1158 3348 alias

113 3388 258 3458 Plutoni,
282 3388 457 3451 Hammoni
474 3403 506 3452 et
524 3387 688 3471 Neptuno.
731 3384 878 3449 Omnino
900 3397 1007 3448 tamen
1023 3380 1155 3468 qnidam
1209 3439 1211 3443 ,

114 3503 153 3552 et·
170 3488 337 3571 posteriori
353 3490 488 3554 senode
503 3487 709 3553 iisdnbitaise
725 3487 888 3552 videntur.
931 3485 1015 3549 Nam
1036 3489 1157 3550 Eume·

100 3592 191 3669 *nius
211 3592 246 3651 in
268 3612 420 3676 panegyr.
439 3593 477 3654 ad
495 3591 692 3656 Constantin.
717 3591 799 3674 Aug.
820 3608 887 3670 cap.
906 3601 939 3664 7.
966 3588 1023 3648 nbi
1045 3606 1156 3651 earum
1258 3655 1260 3659 ,

115 3693 283 3763 meminit,
311 3694 477 3775 deinceps,
500 3690 652 3786 siquae,
678 3691 800 3773 inquit,
819 3681 911 3783 [rant.
972 3689 1063 3779 Quae
1086 3691 1157 3771 qui·

115 3793 191 3856 tlem
218 3789 378 3858 dubitatio
405 3793 572 3856 saciletot
595 3790 924 3874 testimoniiaapertis
949 3792 1155 3855 convellitur.

115 3896 256 3979 Quidam
280 3908 395 3979 putant
411 3894 476 3958 'eise
500 3896 534 3963 h.
558 3895 672 3958 insulas
697 3892 858 3956 Mades'ra.
909 3891 972 3954 Sed
1000 3891 1155 3954 llSeboli

116 3997 210 4061 litum
232 4000 425 4065 strutiones
444 3998 628 4074 audiamus,
653 3996 769 4082 quibua
789 4013 832 4061 to
848 3992 1010 4076 mil-pall.
1027 3993 1155 4059 aGatli·
