2558 4606
116 320 225 397 ,ιω
329 370 375 391 ,.
431 321 595 383 noran
635 317 943 429 nxaoarrpaa
1024 312 1028 317 ’
1088 290 1091 294 ’

88 507 90 511 ’
165 493 237 561 beri
256 492 397 558 scribunt
412 491 609 560 Claudianus
625 510 658 559 et
674 494 866 585 Ambrosias,
890 492 1055 577 sphaeram
1071 495 1213 561 vitream
1268 506 1271 513 ’

171 598 285 669 obiici,
312 611 344 659 et
359 613 506 669 matrem,
531 598 614 681 quae
631 584 776 660 subolem
790 610 892 679 putet.
913 596 982 657 ludi
996 611 1031 658 et
1043 598 1212 679 retardari.

172 698 429 787 Quern‘qairiem
447 699 608 771 fraudem,
636 720 711 763 cnm
728 713 853 763 veterae
874 700 1043 783 ignorent,
1067 698 1139 786 post
1159 698 1215 771 de·

172 822 265 863 mum
288 803 457 862 inventam
477 803 578 863 credit
600 800 729 864 Salmas.
748 802 786 862 ad
803 801 908 864 Sosin.
923 818 950 861 c.
969 799 991 863 s.
1012 821 1045 884 p.
1063 820 1109 864 m.
1130 809 1214 879 149.

55 926 58 932 ¹
110 968 115 977 ,
173 901 225 966 Cl.
246 905 345 966 etiarn
360 903 460 983 Vales.
476 906 518 965 aa
532 904 742 985 Ammiano.
761 904 786 966 l.
836 896 1008 965 Buffoniue
1029 902 1113 965 nihil
1134 904 1217 966 eine·

41 1072 45 1082 ¹
172 1005 265 1066 modi
292 1007 423 1075 adtulit,
460 1026 521 1068 nec
547 1018 792 1069 commentator.
844 1001 1079 1085 Abequitibut
1099 1015 1218 1085 'tamen

45 1170 48 1181 ,
107 1125 113 1141 *
149 1108 247 1188 'mpi
271 1106 368 1168 refert
391 1109 491 1193 etiam
509 1105 650 1189 Oppian.
672 1109 706 1168 in
727 1106 850 1193 Cyneg.
872 1127 902 1178 r,
920 1114 979 1182 75.
1019 1103 1220 1188 Exposuerat

42 1251 44 1256 -
76 1272 80 1291 ι
175 1210 273 1271 etiam
289 1210 328 1269 de
346 1223 412 1273 arte
427 1211 574 1290 capiendi
591 1206 801 1278 Ammianus,
826 1210 913 1290 quod
929 1206 1007 1268 dicit
1020 1205 1086 1291 ipse
1103 1220 1165 1289 23,
1182 1208 1221 1272 6.

174 1310 227 1376 De
244 1310 344 1373 verbo
353 1302 516 1405 frustrari
530 1311 653 1373 dictum
668 1311 711 1373 est
728 1313 768 1393 ati
786 1327 819 1380 α,
838 1325 870 1387 7,
886 1327 923 1390 9.

343 1517 372 1595 §.
401 1526 435 1592 3.
487 1511 741 1597 ambiguum)
797 1510 934 1593 instas,
952 1530 986 1594 9,
1004 1525 1036 1590 3.
1062 1510 1120 1573 ubi
1144 1529 1222 1574 ean·

148 1636 152 1645 ¹
177 1615 253 1679 dem
277 1615 494 1699 quaestionem
517 1619 556 1679 de
580 1617 759 1678 meridiano
785 1619 868 1677 mari
896 1614 986 1699 supra
1011 1601 1222 1697 Aethiopiam

158 1718 295 1802 agitat:
329 1716 457 1780 dubiam
482 1715 678 1800 aliquamdiu
699 1709 796 1808 fuit.
828 1706 942 1807 effetne
962 1716 1050 1779 ultra
1074 1715 1220 1798 pelague,

177 1832 340 1899 eaperetne
355 1832 440 1884 terra
457 1822 636 1892 circuitam,
662 1841 706 1883 an
729 1812 1003 1915 exlatfiossaetu
1011 1813 1087 1909 stne
1099 1813 1171 1912 fine
1181 1807 1222 1908 se

85 1984 104 2013 ,ι
177 1912 295 2013 Africa
316 1921 506 1986 extenderet.

253 2122 431 2207 idemne)
464 2127 529 2188 Aut
542 2127 677 2187 omnino
695 2123 855 2197 Oceanus,
872 2124 1047 2206 quitatum
1064 2136 1224 2186 terraram

70 2220 73 2227 ’
180 2222 293 2287 orbem
310 2224 423 2296 ambit.
456 2241 511 2289 aut
528 2248 616 2289 mare
631 2227 827 2306 Scythicum,
853 2227 941 2288 unde
956 2225 1026 2308 post
1041 2245 1109 2307 cap.
1126 2241 1160 2303 7.
1183 2224 1224 2285 ad

180 2325 291 2391 Eoum
306 2347 394 2389 mare
412 2327 541 2390 cursum
558 2329 675 2397 flectit,
701 2341 734 2390 et
755 2327 1013 2411 septemtrionale
1030 2327 1069 2386 ad
1084 2327 1225 2396 saevam.

181 2447 245 2510 qua
267 2428 301 2490 in
326 2428 532 2507 Germaniam
552 2433 743 2517 navigatur,
761 2415 818 2491 'uti
837 2429 1001 2512 sequentia
1022 2428 1158 2513 docent,
1181 2428 1225 2491 de

176 2524 274 2591 'cuiue
291 2530 353 2590 satu
365 2545 403 2607 et
413 2530 634 2614 descriptione
641 2532 790 2616 pluribus
804 2529 954 2616 exposuit
969 2530 1095 2591 Pliniue
1110 2537 1145 2610 4.
1155 2544 1225 2605 37.
1242 2602 1245 2613 Ι

182 2626 284 2715 s.13.
314 2633 476 2713 ¹H...mare
496 2634 634 2715 glaciale
656 2632 677 2694 s.
705 2633 851 2700 Oceanus
864 2623 1153 2723 fipremtrioaalis.
1180 2620 1248 2692 de'

181 2752 247 2814 quo
269 2737 510 2814 *praeteralioe
536 2738 703 2799 Hermann
733 2736 947 2818 Schilder‘ung
971 2752 1039 2794 von
1065 2731 1226 2795 Ruseland

179 2854 216 2919 p.
236 2844 304 2918 ¹49
321 2833 386 2917 sqq.
438 2829 640 2921 Navigatnm
664 2852 773 2898 autem
796 2857 871 2898 eum
891 2851 924 2897 et
946 2836 1027 2896 olim
1042 2831 1135 2895 suisse
1157 2853 1225 2895 ma·

175 2936 251 3012 'iore
267 2951 416 3018 exparte
440 2937 585 3021 auspiciis
601 2939 748 3029 Angusti‚
782 2941 832 3000 uti
848 2938 1057 3000 Germaniam
1080 2936 1120 2998 aci
1136 2922 1227 2999 Cim·

100 3082 103 3087 »
182 3034 315 3103 brorum
337 3043 614 3120 promontorium,
642 3043 789 3103 adfirmat
804 3040 892 3101 Plin.
911 3056 944 3114 a.
963 3036 1022 3114 67.
1061 3038 1143 3100 Inde
1166 3039 1226 3113 mi·

182 3141 272 3202 nime
294 3141 464 3204 verisimile
480 3141 601 3212 censet,
627 3144 691 3204 illic
713 3144 813 3203 maria
831 3143 981 3211 deficere,
1007 3138 1065 3199 ubi
1080 3140 1228 3203 humorit

181 3242 234 3302 'vis
261 3241 395 3325 superet.
457 3245 595 3307 Subiicit
622 3246 700 3306 hinc
726 3246 796 3332 alia!
815 3234 981 3326 enavigati
1011 3244 1079 3302 eiua
1103 3241 1227 3305 Oceani

183 3346 340 3427 exempla.
376 3344 428 3410 Cf.
444 3347 483 3409 ars
501 3348 607 3408 Taciti
628 3328 792 3420 German.
804 3365 875 3429 cap.
894 3355 953 3424 54.
970 3357 1003 3406 et
1017 3353 1076 3422 45.
1093 3345 1139 3406 in.
1157 3420 1159 3425 Ι
1176 3346 1228 3406 De

182 3447 394 3529 navigatione
416 3432 682 3537 septemtrionalia
706 3448 827 3511 Oceani
849 3447 962 3509 eadem
986 3463 1027 3506 ert
1050 3445 1159 3507 Plinio
1180 3463 1230 3507 re·

183 3542 245 3708 ¹fert
271 3546 423 3613 Martiam
450 3550 580 3634 Capella
604 3550 661 3614 lib.
681 3551 715 3615 6.
737 3571 771 3634 p.
792 3568 837 3613 m.
861 3565 949 3613 200.
981 3547 1038 3609 ubi
1064 3559 1097 3610 et
1122 3561 1229 3612 cetera

196 3646 321 3715 abiicit.

257 3811 304 3915 in
309 3843 343 3942 f
351 3876 371 3946 e
373 3849 470 3947 sta)
519 3855 572 3920 Sic
595 3855 679 3918 Flor.
697 3863 733 3939 4.
758 3875 814 3926 ro,
835 3863 869 3931 3.
896 3844 1099 3947 lnf‘flafisl
1126 3853 1230 3935 regio:

185 3942 322 4048 infestae
344 3954 482 4049 hostibus
496 3958 579 4028 viae,
603 3957 740 4022 Sueten.
761 3956 848 4042 Aug.
869 3976 943 4038 cap..
958 3965 992 4032 8.
1031 3954 1161 4039 Nempe
1183 3956 1233 4016 t'n·

176 4045 289 4152 festus
311 4050 353 4132 ia„
367 4058 430 4123 hoc
447 4078 539 4162 ¹'aream
554 4054 594 4123 'et
612 4056 703 4125 sensa
725 4057 770 4122 eii
796 4049 987 4153 infestatur,
1021 4056 1065 4153 pe
1083 4075 1151 4141 quo
1173 4053 1232 4119 usn
