2558 4606
105 352 111 359 ·
237 343 289 402 ru
315 303 454 403 rorte.
482 341 595 403 unt.
635 341 744 401 ιω.
785 340 920 411 eunt
962 289 1040 420 59.
1093 337 1167 419 -t67

111 579 115 587 ,
201 514 374 598 ibides)
413 516 607 579 Graecorum
621 532 730 586 more,
753 516 851 579 etiem
863 515 1170 603 hicGreeceutitrrr

108 618 364 683 terminatione.
411 618 524 682 Cicero
546 619 587 679 de
606 631 672 681 net.
696 619 795 683 Deor.
815 636 845 687 r.
863 608 922 701 56.
949 633 987 679 ut
1004 619 1090 681 Plin.
1110 616 1167 688 ro.

122 730 188 804 4ο.
203 718 227 781 s.
243 731 303 799 28.
324 721 438 783 Lrtine
459 719 533 785 ibes.
584 716 688 803 lpsrrn
705 738 798 783 erem
820 735 1077 785 commemorent
1097 719 1169 804 plu·

122 841 176 887 ret
198 837 322 907 praeter
345 821 529 904 superiores.
575 821 705 905 Duplex
728 838 837 884 eurum
859 820 969 907 genno.
985 821 1169 885 describunt

110 922 288 991 ,Horonon
305 916 419 1001 ΜΘ.
444 939 477 986 et
497 922 612 987 Strabo
636 940 690 998 17.
715 944 748 1005 p.
768 924 852 1003 566.
873 922 895 988 s.
912 934 997 1003 823.
1023 924 1078 1005 qui
1100 923 1172 1005 qui·

122 1026 203 1099 dem
223 1023 330 1087 scribit
349 1026 424 1089 elirr
445 1027 480 1087 in
501 1045 627 1087 rnorem
643 1022 840 1095 ciconiarum
861 1026 922 1089 eise
944 1028 1064 1096 variae.
1094 1025 1169 1093 elien

122 1128 242 1213 nigror.
292 1127 407 1213 Nigroe
430 1148 504 1191 cum
528 1126 725 1209 serpentibus
746 1147 891 1212 pugnare
907 1128 1053 1191 adfirmet
1067 1128 1170 1191 Hero·

110 1228 244 1302 'dotum
264 1230 463 1306 (ntidelien.
480 1229 551 1293 hisi.
567 1229 666 1292 enim.
682 1245 716 1299 Ω,
734 1232 812 1309 58.)
838 1230 900 1295 illie
916 1226 1027 1291 tribuit
1040 1228 1169 1311 nudum

123 1345 269 1413 caputet
284 1332 424 1415 collum,
451 1351 572 1413 pennae
585 1331 750 1401 candidae,
774 1351 862 1393 crura
879 1345 912 1394 et
934 1330 1030 1394 rostra
1047 1330 1170 1395 similit.

109 1434 221 1501 ¹Hauc
244 1432 508 1515 descriptionem,
537 1446 668 1495 notente
689 1436 728 1495 erl
753 1434 888 1497 Diodor.
912 1452 943 1505 1,
968 1443 1028 1510 87.
1053 1430 1171 1495 Weile·

123 1535 240 1619 lingio,
259 1536 506 1598 texeritTheon
520 1555 692 1619 progymn.
706 1554 773 1619 erp.
794 1556 850 1598 rr.
865 1557 899 1618 p.
921 1550 1002 1599 122.
1042 1532 1172 1603 Omitto

109 1638 203 1714 ¹elie,
235 1656 316 1720 quae
340 1654 373 1700 et
394 1640 505 1721 augeri
525 1637 653 1720 possunt
669 1657 708 1699 ex
730 1637 853 1699 Aeliani
870 1638 912 1699 H.
929 1638 990 1715 dn.
1010 1652 1043 1707 2.
1060 1646 1119 1713 88.
1137 1647 1172 1697 et

129 1757 184 1810 ro,
208 1755 268 1818 29.
299 1752 332 1799 et
355 1739 498 1801 conlecta
528 1739 619 1801 dedit
651 1736 809 1803 Gesnerur
837 1740 872 1800 in
898 1738 1007 1802 hiller.
1041 1736 1171 1800 animal.

85 1854 88 1859 '
124 1840 185 1905 lib.
203 1855 235 1920 3.
259 1839 491 1924 pag.546qu.
521 1842 555 1901 in
577 1839 692 1922 quibus
714 1837 853 1902 sabulosa
876 1842 988 1922 multa.
1049 1836 1173 1901 Nostri·

126 1942 247 2005 elicitur
265 1939 350 2013 Ibis,
376 1943 455 2003 olim
476 1942 651 2013 Ii'ilretter,
675 1942 787 2005 multis
802 1934 1029 2033 degyptrscsrcr
1041 1940 1169 2003 Storclr.

124 2043 243 2109 Peritie
266 2045 429 2107 doctrinae
451 2044 550 2106 huiue
576 2043 605 2103 Τ
603 2044 748 2116 cretulus,
773 2044 880 2107 Ardea
893 2042 980 2114 thir,
1004 2038 1076 2103 Ibis
1096 2061 1173 2107 corr·

123 2144 223 2217 dida.
242 2144 387 2234 'Nigrum
403 2149 554 2207 rariorem
572 2143 689 2217 serunt,
713 2159 746 2208 et
764 2146 933 2231 Aegyptiis
951 2147 1015 2207 dici
1030 2143 1171 2207 lebetas.

125 2247 228 2331 Quod
247 2240 404 2310 Ludolsur
422 2249 457 2309 in
474 2261 683 2311 commentar.
700 2249 770 2311 hili.
787 2248 939 2329 Aethiop.
961 2266 991 2321 t.
1010 2264 1070 2325 90.
1090 2264 1105 2310 r
1126 2242 1170 2326 sq.

108 2350 189 2411 ¹ubi
207 2336 298 2432 plura
324 2350 364 2411 de
384 2370 438 2420 ee,
471 2347 576 2411 scribit
599 2363 698 2412 totam
719 2351 843 2435 nigram
860 2350 967 2412 colore
985 2347 1064 2419 elle,
1094 2366 1172 2428 quo·

122 2451 228 2515 ruodo
243 2451 380 2539 intelligi
396 2450 520 2523 debeat,
540 2452 684 2539 adparet.
716 2450 766 2515 cf.
784 2454 824 2513 de
838 2471 874 2512 ee
884 2450 1009 2513 Maillet
1023 2452 1057 2511 in
1072 2444 1130 2511 des
1161 2492 1172 2512 .

109 2554 169 2631 ,tle
190 2552 344 2643 l'Egypte
364 2554 406 2614 T.
422 2570 456 2615 Ω.
480 2573 512 2634 p.
532 2569 591 2616 22.
618 2552 673 2636 qui
687 2566 808 2637 putat,
836 2553 920 2614 banc
941 2553 1042 2614 hodie
1064 2551 1174 2613 vocati

124 2648 255 2736 charron
284 2654 323 2714 de
354 2653 524 2726 Plrarrrorr.
563 2657 597 2716 in
621 2655 701 2717 urbe
730 2657 850 2739 Aleppo
877 2655 1013 2733 Sapsrrm
1046 2646 1174 2722 Baeti.

123 2756 232 2820 Multa
254 2758 349 2818 etiem
373 2755 460 2818 dabit
484 2755 692 2840 Hellencrmp
715 2757 748 2816 in
769 2757 852 2819 libro
874 2775 942 2817 von
959 2760 1049 2818 einer
1069 2750 1173 2815 rlenk·

121 2859 299 2941 truelga.
313 2855 444 2927 Antike,
467 2858 529 2935 (en
543 2844 636 2935 roni
649 2859 700 2920 ue
718 2858 780 2919 ficu
798 2860 832 2920 in
850 2857 1032 2921 detrun.
1047 2859 1173 2920 eamm-

106 2959 212 3043 iiung
227 2960 283 3021 der
298 2959 516 3033 Alterthiimer
529 2979 569 3020 zu
585 2958 683 3023 Callel
699 2961 869 3023 voriinrlet.
889 2954 1032 3044 (1786.)
1066 2958 1174 3037 Habet

107 3062 227 3147 'etiem
250 3062 384 3145 ligurum
406 3060 628 3125 Midrlletonur
644 3063 679 3123 in
701 3065 849 3143 antiquit.
870 3073 1077 3123 monument.
1100 3080 1171 3146 pag.

103 3158 114 3249 'p
132 3180 218 3243 129.
241 3175 274 3225 et
289 3163 376 3244 plura
393 3162 433 3223 de
449 3161 512 3245 ipse
527 3162 627 3226 ibide.
653 3166 807 3227 lleterurn
825 3178 859 3228 et
871 3165 1086 3237 recentiorum
1103 3182 1173 3223 ner·

124 3268 269 3329 'rationes
291 3265 431 3348 conlegit
454 3266 495 3325 rle
516 3265 604 3328 ibide
620 3286 723 3348 nuper
738 3265 909 3351 Lnrrggntlr
931 3268 965 3325 in
987 3263 1173 3348 prolusrone

125 3369 170 3433 de
193 3365 330 3429 Mumiie
351 3369 462 3427 avium
484 3368 519 3427 irr
541 3357 724 3446 labyrintho
749 3373 831 3451 epod
855 3369 999 3431 Sacarum
1025 3369 1171 3452 repertio.

125 3467 236 3533 viteb.
258 3480 364 3547 ²8⁰3·
388 3479 434 3547 4.
474 3469 570 3531 liutet
585 3470 785 3559 Aegyptum,
813 3471 885 3551 qnia
902 3469 1060 3554 anguibus
1075 3467 1172 3553 vesci·

88 3586 197 3655 ..mir
222 3589 282 3633 nec
300 3569 412 3653 sponte
433 3588 504 3630 eam
520 3572 628 3655 egredi
641 3573 785 3633 adfirmet
800 3573 926 3637 Aelien.
945 3586 980 3643 n.
999 3584 1058 3652 88.
1100 3573 1171 3635 Set·

126 3672 278 3760 pentibus
305 3674 445 3732 maxime
470 3656 612 3734 intestam
640 3675 770 3735 tradunt
796 3671 921 3756 loseph.
947 3688 1013 3739 ent.
1042 3673 1113 3737 luri.
1138 3691 1171 3744 2.

132 3795 190 3847 ro,
209 3788 243 3839 Ω.
280 3773 391 3851 Glycee
414 3773 532 3836 Annei.
556 3774 594 3836 P.
614 3791 648 3838 Ω.
671 3795 743 3860 pag.
766 3786 845 3852 115.
872 3776 1025 3854 (senet.)
1051 3771 1172 3857 aliique

127 3875 330 3961 superiorum
354 3874 460 3937 rnulti.
511 3875 647 3959 Propter
672 3876 754 3941 henr:
777 3878 965 3950 utilitatem,
990 3898 1086 3960 qrrem
1107 3878 1172 3942 Ae·

123 3992 229 4065 gypto
253 3975 442 4059 praeliabat,
475 3994 569 4057 quern
591 3980 665 4041 aliae
689 3999 729 4040 ex
753 3977 934 4062 serpentum
961 3981 1171 4046 multitudine

117 4082 304 4169 ¹'perituram
326 4075 416 4143 fuisse
439 4079 585 4159 adfirmat
604 4080 794 4147 Aelim-H.
809 4082 854 4151 Α.
874 4097 909 4157 2,
926 4093 986 4165 88.
1008 4081 1089 4147 sacre
1106 4080 1172 4155 snit·
1260 4117 1265 4128 ·
