2558 4606
51 394 56 403 “
171 411 248 471 ⁸¹‘212
319 386 381 425 *³⁴
438 382 619 464 'nonan
659 374 1080 462 nxnonrrcnn³⁹'
1150 349 1161 363 x

190 572 343 649 litandis
358 581 537 650 minorem,
567 570 661 661 quam
678 579 894 649 Britanniam,
918 575 1045 660 putavit
1062 571 1174 639 Caesar
1196 572 1237 659 da

192 687 232 751 B.
250 685 290 748 G.
308 697 341 761 5,
364 695 418 757 13.
470 681 584 743 Parem
606 680 703 764 spatio
721 681 852 752 Noster,
878 682 1059 763 proximam
1077 677 1239 761 magnitu-

195 790 273 851 dine
290 804 365 847 cum
381 783 545 845 Britannia
556 783 657 844 Solin.
677 782 735 860 115.
750 782 770 847 l.
784 801 841 846 aa.
867 783 1045 860 Plinius-4,
1065 797 1123 864 50.
1138 776 1160 841 l.
1184 778 1238 841 16.

172 912 174 918 ·
195 883 336 974 agappa
354 897 483 946 auctore
496 885 698 946 latitudinem
714 884 759 945 1111
775 885 828 946 aas
841 884 1040 953 Britanniae.
1063 865 1239 964 rongrtdn

196 1010 274 1053 nem
292 1005 364 1051 200
383 986 430 1048 M.
447 986 484 1048 Ρ.
503 987 680 1056 minorem,
706 1006 802 1068 quam
821 987 1001 1070 Marcianus
1020 1005 1047 1046 c.
1066 983 1087 1044 l.
1102 982 1203 1043 ducit
1223 999 1241 1042 a

196 1090 423 1176 promontorio
461 1088 600 1150 austrino
633 1089 672 1149 ad
705 1088 940 1173 Rhobogdium
976 1084 1240 1169 promontorium

185 1204 316 1273 amo,
348 1189 553 1252 latitudinem
579 1186 652 1251 facit
683 1198 779 1269 1854
803 1188 984 1251 stadiorum.
1043 1187 1241 1271 Longiorern

189 1284 298 1380 'igitur
312 1291 404 1361 iacit,
430 1302 525 1372 quain
541 1291 704 1363 latiorem,
732 1280 768 1352 ut
785 1291 1007 1360 Ptolemaeus,
1023 1290 1067 1349 in
1084 1306 1152 1370 quo
1169 1302 1242 1348 con·

199 1394 314 1458 sentire
336 1394 442 1456 etiam
456 1393 585 1454 videtur
607 1393 702 1456 Mela.
757 1393 811 1478 Sic
832 1392 962 1473 Orosius
983 1412 1011 1462 1,
1036 1407 1069 1454 a.
1093 1408 1165 1475 pag.
1182 1398 1240 1465 ΩΒ.

97 1556 99 1561 .
198 1480 367 1585 (Havete.)
385 1478 526 1574 longiore
538 1491 580 1554 ab
595 1485 710 1584 Africo
728 1496 760 1556 in
775 1494 912 1555 Boream
919 1476 1239 1584 spotio'porrigitur.

101 1671 102 1674 Ἴ
174 1599 340 1662 *Adortus
355 1614 425 1657 earn
449 1597 555 1676 primo
572 1595 615 1656 eil
632 1592 780 1679 Agrippa,
802 1596 927 1672 (Tacit.
943 1597 976 1656 in
998 1596 1063 1655 vita
1078 1612 1147 1674 cap.
1166 1591 1244 1671 241)

199 1718 264 1783 quo
279 1698 431 1760 adludere
447 1697 576 1757 videtur
587 1696 749 1758 iuvenalia
761 1713 795 1766 a,
814 1708 894 1775 159.
912 1716 1003 1757 arma
1016 1692 1142 1779 rpuidem
1157 1692 1243 1755 ultra

182 1804 187 1813 ⁴
199 1800 317 1865 Litora
331 1800 487 1858 quernae
500 1798 725 1877 promovimus.
753 1800 804 1860 De
818 1798 946 1859 incultis
963 1788 1142 1859 incolarum
1159 1790 1244 1866 feriae

184 1912 263 1985 'que
284 1898 449 1986 moribus,
478 1899 533 1959 etfi
556 1895 652 1959 fando
673 1900 782 1981 potius
805 1912 1019 1983 cognoverat,
1045 1896 1160 1961 Strabo
1175 1916 1203 1959 c.
1215 1888 1240 1958 l.

200 2001 253 2068 Cf.
271 2019 305 2066 a.
319 2021 352 2083 p.
365 2009 425 2075 78.
441 1997 462 2063 l.
481 2010 562 2076 115.
577 1998 642 2066 ,ubi
663 2015 696 2063 et
710 1999 930 2085 frigusnotat.
972 2002 1064 2063 Idem
1081 1998 1122 2069 de
1136 1996 1242 2061 Melae

199 2099 436 2168 narrationibus
451 2101 554 2173 valet,
576 2120 657 2165 uum
672 2103 750 2165 adiit
762 2101 873 2168 Caesar
886 2103 927 2166 de
942 2103 981 2168 Β.
997 2102 1036 2165 G.
1055 2113 1089 2180 5,
1110 2112 1170 2181 13.

350 2306 381 2383 §.
408 2302 442 2368 6.
493 2295 738 2398 luxurioso)
787 2306 897 2369 Utitur
911 2305 1045 2369 vocibus
1062 2304 1098 2365 in
1113 2303 1244 2389 agricol-

199 2422 270 2471 tura
292 2405 412 2467 usrtatis
433 2424 491 2489 per
504 2406 683 2468 Romanam
701 2408 863 2492 linguam,
896 2408 953 2469 nbi
977 2401 1088 2490 paffim
1104 2406 1242 2492 legimur

115 2568 122 2575 .
200 2509 415 2573 luxuriantem
439 2508 537 2568 vitem
564 2520 597 2569 et
618 2508 780 2570 luxuriam
803 2511 930 2572 vitium.
999 2510 1087 2569 Tum
1113 2510 1242 2591 quoqu'o

186 2609 320 2694 'pabula
341 2609 446 2680 laeto,
472 2626 610 2690 quorum
630 2611 673 2672 eli
691 2611 828 2673 maxima
845 2611 983 2674 ubertas.
1022 2611 1074 2673 Sic
1091 2610 1244 2695 Virgilius

152 2796 159 2807 ι
200 2709 319 2794 Georg.
341 2729 372 2774 1.
393 2710 439 2773 in.
464 2710 569 2771 laetos
593 2702 717 2801 segetes
740 2713 839 2783 dixit,
877 2727 910 2775 et
936 2714 1043 2775 Latini
1061 2712 1179 2773 laetari
1203 2710 1242 2771 de

187 2832 276 2896 agro
295 2830 355 2894 pro
375 2810 552 2875 stercorare.
584 2831 610 2876 1.
635 2831 837 2877 oaonovrro
854 2814 932 2878 MS.
965 2814 1035 2879 'De
1054 2812 1159 2875 laetus
1180 2812 1242 2875 litia

198 2911 371 2978 ornatae
390 2935 418 2984 1,
441 2933 496 2977 ro.
515 2913 562 2978 in.
1015 2931 1019 2937 ·

181 3124 191 3195 j
275 3104 526 3207 dissiliant)
576 3115 735 3197 Rumpere
756 3119 842 3201 apud
865 3118 1048 3181 Phaedrum
1063 3139 1101 3190 ·r,
1124 3134 1184 3190 ao,
1208 3126 1239 3199 5.

186 3226 262 3299 ¹24,
286 3235 322 3297 9.
372 3217 464 3279 Idem
487 3216 526 3278 de
543 3215 696 3303 Hispania
717 3212 827 3284 lrrll'in.
842 3228 902 3301 44,
920 3232 956 3301 4,
976 3231 1031 3301 14.
1057 3219 1166 3283 Tanta
1185 3206 1241 3301 pa·

187 3318 413 3382 attilanum
433 3315 494 3410 fi,
520 3330 574 3388 ut,
607 3323 669 3383 nir
689 3316 885 3383 obstrieentlo
900 3322 1105 3404 interpellato
1119 3314 1241 3415 sagino

192 3414 321 3515 fuerit,
352 3439 466 3498 pecora
490 3434 689 3500 rumpantur.
742 3425 792 3484 De
816 3443 890 3507 agro
905 3424 1063 3488 Catenaeo
1084 3424 1120 3484 in
1138 3422 1241 3487 Sicilia

200 3520 314 3587 'Strabo
331 3522 364 3584 6.
387 3540 459 3604 pag.
479 3522 559 3597 186.
578 3519 598 3584 l.
616 3524 702 3602 269.
725 3520 915 3609 πνίγεσθαι,
944 3526 984 3587 de
1004 3514 1136 3611 regione
1158 3514 1240 3613 inter

189 3624 325 3708 Tigrim
350 3635 383 3682 et
408 3621 606 3704 Euphratem
634 3624 766 3688 Curtius
792 3638 824 3704 5,
855 3648 883 3697 r,
914 3643 967 3690 12.
1004 3640 1073 3689 tam
1097 3625 1190 3687 uberi
1211 3632 1264 3687 u·

200 3726 314 3807 pingui
320 3716 403 3814 solo,
429 3738 466 3784 ut
481 3743 502 3784 a
523 3723 620 3817 pastu
641 3728 747 3808 repelli
766 3748 883 3807 pecora
902 3724 1061 3800 dicantur,
1087 3748 1127 3789 rae
1137 3718 1239 3819 satie·

191 3833 255 3887 'tos
269 3827 433 3904 pammac,
467 3827 553 3907 quod
574 3829 616 3887 ita
639 3826 667 3889 ie
685 3830 798 3890 habere
816 3829 944 3891 testatur
966 3828 1115 3892 Niebuhr
1136 3826 1240 3893 netle-

184 3925 322 3990 'belcha
346 3926 415 3986 Vol.
439 3945 469 3989 1.
494 3947 526 4009 p.
546 3942 632 4007 571.
684 3932 735 3989 De
753 3931 891 3992 luverna
912 3932 998 3992 idem
1016 3932 1164 3996 Solimo.
1182 3930 1237 4009 15.

202 4016 228 4092 ἶ.
243 4042 301 4091 22.
320 4028 370 4087 ito
387 4020 556 4119 pabulosa,
582 4042 620 4091 ut
637 4031 804 4111 pecuaria,
830 4028 893 4123 nist
909 4031 1068 4095 interdum
1084 4028 1239 4129 aestates

188 4126 343 4226 postibus
361 4142 546 4203 arceantur,
576 4133 610 4194 iu
629 4131 801 4214 periculum
824 4134 907 4217 agat
920 4124 1078 4227 satietas.
1124 4128 1127 4133 ’
