2558 4606
191 340 406 403 turona.
434 338 545 399 nar.
585 340 694 399 1..111.
738 340 845 403 cvr.
887 341 966 413 ιι.
1043 353 1105 418 105

55 508 153 585 fuisse
174 504 330 587 conficit,
356 512 448 599 quod
466 514 567 577 hodie
583 512 744 607 stannum
768 524 915 581 vocatur.
957 516 1010 581 ef.
1032 515 1106 585 eiua

58 614 259 687 Geschichte
275 618 334 679 der
346 613 542 698 Erfintlung.
563 614 599 678 P.
620 630 654 692 5.
676 639 708 700 p.
727 626 809 695 984,
844 619 975 681 Nomen
989 636 1109 685 tamar

58 744 84 789 a.
98 722 214 785 llanno
235 714 361 780 finxisse
376 714 535 780 Ponticos
553 732 586 777 et
602 714 696 779 alios·
706 734 922 793 mercatores,
947 719 1005 805 qui
1025 722 1109 785 slan-

57 844 145 889 num
169 818 250 883 inde
274 820 483 891 adtulerunt,
517 838 596 881 cum
621 833 707 881 terra
728 818 899 905 incognita
920 820 1107 907 ipsro.elset.·

58 920 226 989 existimat
245 924 393 1003 Bayerna
419 923 461 985 tle
483 914 625 982 Venedia
657 938 692 983 et
721 920 868 985 Eridano
895 922 931 985 in
958 926 1108 1008 op'usculr

59 1048 135 1114 pag.
157 1038 204 1104 59
207 1034 243 1105 4.
295 1024 337 1087 At
363 1044 403 1085 ex
429 1019 559 1107 plumbi
584 1020 758 1086 mentione
785 1022 942 1089 adiuncta
971 1028 1109 1093 eaedem

59 1120 254 1221 Hesperides
286 1122 395 1187 (lictae
426 1122 583 1197 videntur
616 1126 704 1209 apud
736 1123 924 1205 Dionysv
925 1131 1043 1207 ,565
1063 1142 1111 1193 et

60 1226 220 1295 Priscian.
242 1248 275 1291 v.
299 1230 384 1307 576.
423 1242 480 1289 aut
511 1240 600 1289 certe
627 1228 758 1288 easdem
783 1227 903 1292 habuit
921 1228 1109 1309 Dionysrur.

61 1334 101 1396 ld
122 1328 216 1393 enim
229 1350 306 1409 non
328 1326 435 1391 solnm
458 1325 606 1412 agnoscit
627 1325 834 1403 Eustathius‚
865 1332 920 1399 [ed
936 1348 969 1393 et
985 1330 1116 1399 ¹diserte,

61 1428 241 1513 Dionysrua
264 1428 468 1517 κασσιτέροιο
490 1426 648 1517 γενέθλην
670 1447 777 1495 rocat.
831 1434 963 1497 Nomen
978 1431 1033 1497 tte
1042 1432 1114 1501 :tritt

61 1532 168 1603 tortor
191 1534 260 1620 τῆς·
274 1528 409 1609 θέσεως·
437 1526 565 1597 berturi
587 1528 650 1617 γάρ
672 1531 764 1605 εἰσιν,
790 1549 829 1595 ut
843 1532 1008 1623 explicat
1000 1536 1116 1601 Enisa,

63 1636 166 1703 thiria.
219 1636 268 1697 lta
281 1654 361 1697 vero
384 1634 520 1709 eaedem
542 1629 625 1703 olim
647 1631 748 1703 etiam
763 1633 871 1699 dictae
894 1636 968 1698 sunt
986 1633 1117 1701 insulae

65 1716 321 1834 Oestrymnides‚
354 1736 395 1798 de
417 1756 484 1821 quo
506 1732 644 1797 nomine
665 1735 803 1798 obscuro
823 1735 892 1799 vid.
908 1736 1085 1801 Avienua'
1074 1760 1117 1803 ιιι

64 1862 122 1905 ora
141 1862 177 1903 r.
192 1840 252 1919 96.
280 1854 314 1899 et
334 1858 418 1923 quac
441 1834 488 1900 ibi
512 1834 632 1899 adtulit
647 1834 853 1902 Wernodors.
904 1841 1031 1901 Decem
1050 1862 1114 1902 nu·

64 1961 159 2009 mero
194 1938 287 2002 suilse
314 1934 450 2001 uariunt
474 1940 634 2001 Strabo*
615 1978 647 2018 5.
670 1953 753 2003 extr.
786 1941 1041 2002 l'tolemaeuso
1024 1944 1120 2013 ⁰,.·6·

65 2044 212 2109 Eustatb.
236 2042 277 2103 ad
295 2039 514 2121 Dionysos.
541 2055 629 2103 certe
645 2043 756 2124 plures
775 2022 884 2124 ipsum
904 2040 1120 2109 verbum-ine

68 2145 183 2223 dicat,
204 2144 296 2229 quod
312 2141 411 2207 ettlis
409 2132 479 2204 er'te
494 2139 606 2205 scribit
625 2141 712 2205 Plin.
727 2162 763 2223 4,
779 2144 937 2218 56..99[
942 2148 1034 2209 .etsr
1056 2140 1116 2209 alii

67 2269 171 2311 unam
203 2260 334 2308 tantum
363 2259 645 2309 commemorant.
686 2245 787 2305 Ater
779 2242 901 2307 'fficilis
935 2260 968 2307 et
983 2243 1124 2329 agitatu

67 2326 215 2436 quaestio
238 2347 345 2409 servet
363 2348 406 2408 de
430 2367 544 2409 earum
567 2344 636 2411 situ.
674 2344 764 2407 Mela
786 2344 884 2431 ponit
906 2345 940 2409 in
966 2345 1123 2413 Celticia.¹

68 2456 140 2515 lam
158 2471 241 2512 vero
256 2445 402 2515 Celticos
417 2465 515 2533 pontt
532 2446 570 2511 in
586 2444 744 2609 Hispania
762 2446 1038 2531 septemtrionali,
1064 2446 1126 2515 uti.
1164 2530 1167 2537 Ι

70 2554 210 2639 arlparet
233 2571 274 2613 ex
297 2566 332 2629 3,
357 2572 388 2627 ι,
413 2540 473 2625 68.
494 2564 527 2611 et
548 2562 582 2628 8.
615 2547 738 2631 etipsa
761 2546 943 2613 insularum
964 2549 1063 2613 series
1084 2565 1122 2615 et

69 2646 251 2742 progressio
274 2652 386 2715 cursus
416 2640 532 2729 docet.
567 2651 663 2734 supra
684 2653 854 2721 Lusitanos
878 2650 914 2712 in
937 2649 1126 2737 Hispaniae·

71 2757 129 2819 illa
152 2770 248 2839 parte
268 2775 322 2816 eae
337 2751 496 2837 posuisse,
528 2768 562 2815 et
580 2774 598 2815 a
613 2748 808 2816 Britannico
830 2752 914 2814 mari
932 2752 1128 2820 removisse..

71 2853 251 2923 Consentit
265 2857 381 2919 Strabo
399 2872 431 2937 5.
448 2870 529 2917 extr.
557 2850 615 2938 qui
638 2856 677 2917 ab
695 2855 908 2943 Artabrorum
923 2871 1024 2938 portu
1046 2876 1119 2917 ver·
1202 2932 1205 2937 Α

73 2962 126 3023 sus
148 2955 421 3042 septemtrionem
445 2958 608 3021 conlocat.
656 2956 723 3019 Serl
744 2952 835 3017 idem
858 2953 893 3016 in
915 2953 1018 3039 priori
1042 2958 1125 3020 loco.

73 3062 227 3124 stannum
250 3056 336 3121 nasci
356 3050 471 3125 scribit
489 3059 577 3141 apud
598 3060 758 3140 populos,
793 3053 851 3140 qui
878 3058 972 3162 supra
996 3060 1119 3123 Lusita·

73 3160 168 3226 niam
192 3158 362 3233 habitant,
393 3158 429 3223 in
450 3155 716 3230 Calsrteritlibuo,
749 3155 831 3221 item
854 3179 895 3219 ex
893 3141 1156 3223 Britannicus

73 3261 251 3327 Massiliam
276 3259 416 3335 devehi,
446 3242 591 3362 denique
612 3264 700 3345 apud
722 3242 893 3331 titanos,
920 3257 978 3346 qui
999 3263 1131 3325 Lusita.

73 3365 152 3435 niae
176 3365 287 3429 versus
309 3361 460 3427 oceasum
481 3379 514 3427 et
536 3354 801 3447 septemtrionem
817 3344 935 3425 ultima
956 3359 1119 3439 habitant,

75 3466 230 3533 stannum
252 3481 388 3551 argento
411 3457 638 3549 permistum
627 3460 785 3527 mveniri.
838 3460 1040 3529 Celtiberiae
1066 3465 1121 3527 ob·

75 3570 180 3635 iectaa
201 3567 296 3633 fuisse
318 3564 433 3631 scribit
453 3563 540 3632 Plin.
555 3576 593 3647 4,
610 3569 669 3644 36.
687 3565 709 3629 s.
727 3564 784 3631 99.
811 3581 904 3628 etex
925 3585 965 3635 eo
988 3564 1123 3629 Solinua

80 3676 136 3747 96.
156 3672 262 3749 Ι.95.
303 3672 368 3745 ¹ln'
394 3660 593 3743 occidentali
628 3670 762 3741 Oceano
796 3651 901 3749 prope
931 3656 1122 3751 Hispaniam

77 3772 174 3862 ponit
195 3774 407 3837 Ptolemaeus
427 3772 514 3843 tub.
532 3785 612 3832 extr.
662 3771 771 3851 Prope
789 3766 981 3853 Hispaniam
1003 3770 1122 3853 Hesper
1180 3772 1188 3849 J

80 3876 168 3943 ridas
194 3874 269 3938 suas
295 3871 435 3937 ostendit
462 3869 597 3951 Dionys.
615 3892 647 3934 v.
665 3868 749 3949 563.
783 3885 816 3937 et
839 3871 880 3931 ad
903 3869 1136 3945 occidentem..
1160 3859 1163 3866 ’

80 3980 169 4043 unde
185 3973 411 4041 nomen'illud
426 3968 587 4037 tributum
603 3970 752 4044 videtur,
780 3970 856 4057 quia
870 3956 949 4033 inde
964 3972 1005 4038 ad
1021 3972 1134 4045 Ocea,

82 4102 160 4155 num
181 4080 357 4145 borealem
374 4070 596 4163 progreditur.
647 4071 835 4169 Priscianus
850 4096 882 4142 v.
902 4075 988 4162 576.
1007 4088 1124 4151 contra
1191 4079 1197 4087 “
