2558 4606
189 359 252 409 999
460 284 628 407 nom
663 331 968 395 nxnoarrcrtt

193 515 389 602 (Xenophon
404 515 440 578 in
457 515 579 597 Cyrop.
596 513 629 585 6,
650 534 680 587 r.
697 512 773 598 50.)
796 532 894 595 quom
913 524 1027 574 eorum
1046 505 1242 575 1999199993

194 635 300 686 torem
315 618 454 689 laniunt,
480 618 607 696 Datim,
629 614 781 694 (curum
796 624 833 695 4,
855 630 910 684 99,
928 614 962 676 6.
979 613 1114 685 etalibi.
1139 612 1241 675 Arria·

193 744 257 788 nuo
276 722 318 784 do
340 721 454 802 exped.
473 719 561 782 Alex.
581 730 614 795 3,
635 730 692 796 93.
719 717 855 779 Diodor.
876 731 932 791 97.
951 727 1011 795 33.
1027 718 1099 792 -)
1131 715 1242 778 Antio·

197 826 286 896 chus.
310 825 323 899 (
332 822 494 904 Appianuo‘
509 821 544 881 in
559 820 629 898 Syr.
647 838 714 901 cap.
726 833 785 898 39.
800 830 881 882 extr.
902 815 1015 896 Polyb.
1032 827 1067 894 5.
1083 828 1143 897 33.
1160 828 1242 881 extr.

82 926 86 933 ’
197 928 273 989 Liv.
293 938 352 1002 37.
367 925 451 1002 49.)
477 920 690 993 Mithridaten,
711 919 868 1005 (Appian.
891 919 928 980 ln
948 915 1095 980 Mithrid.
1118 938 1147 980 9.
1166 914 1244 999 93.)

197 1026 387 1094 Pharnacea.
404 1024 472 1087 eius
487 1024 579 1093 lilius,
595 1023 674 1102 (Dio
687 1031 748 1101 49,
763 1025 839 1103 47.)
863 1021 1059 1092 Artaxerxen.
1075 1018 1244 1083 Persarum

199 1148 273 1200 rex,
302 1137 410 1189 contra
431 1125 646 1188 Alexandrum
668 1123 825 1191 Severum
847 1122 1057 1203 93999391
1079 1122 1245 1204 Lamprid-

200 1231 237 1293 in
252 1229 320 1291 vita
334 1247 400 1311 cap.
418 1239 477 1307 33.
501 1260 552 1276 -
603 1225 785 1310 Diligenter
808 1224 884 1288 tolet
905 1224 1073 1309 quadrigas
1089 1222 1247 1305 delcriplit

200 1333 274 1400 Lir.
300 1343 357 1408 37,
379 1338 440 1417 49.
473 1329 529 1410 qui
548 1340 672 1411 praeter
691 1328 765 1390 aliua
788 1339 892 1410 partes
916 1326 956 1389 do
978 1325 1089 1387 aribus
1113 1323 1171 1387 lm:
1204 1319 1246 1385 ob

200 1429 317 1497 auibus
330 1444 473 1493 rotarum
492 1431 650 1512 utrimque
668 1426 760 1490 binae
774 1427 880 1505 eodem
896 1426 990 1489 modo
1006 1417 1152 1518 diversae
1171 1423 1247 1489 deli·

143 1611 144 1616 3
201 1529 366 1619 gobontur
385 1522 515 1621 falcem
548 1544 623 1593 ante
649 1530 783 1591 Livium
807 1524 993 1612 Xenophon
1013 1548 1041 1591 c.
1061 1528 1083 1592 l.
1141 1528 1188 1591 Et
1208 1526 1246 1590 lio

76 1612 95 1721 f
129 1710 134 1719 Ι
204 1635 326 1704 Graeci,
358 1632 636 1714 velutillenoph.
659 1630 887 1712 (19993999,
913 1640 947 1707 8,
974 1645 1008 1707 7.
1033 1625 1080 1692 roi
1103 1617 1246 1716 (1ρέ9999

203 1732 241 1802 ἐκ
262 1733 327 1798 τῶν
350 1721 477 1801 α’ἒὸνων
502 1730 543 1809 εἷς
566 1725 706 1817 πλάγιον
725 1727 970 1821 ἀποτεταμένα.
1008 1732 1082 1793 Vld.
1101 1731 1246 1795 Zeuniuo

182 1906 186 1913 ,
203 1837 244 1901 ad
259 1834 406 1919 Xenoph.
425 1833 605 1917 Cyropaetl.
621 1833 686 1897 91.
712 1833 895 1920 Welleliug.
914 1833 953 1895 ad
966 1832 1103 1917 Diodor.
1118 1848 1176 1910 17,
1187 1844 1245 1911 53.

202 1939 351 2004 liuderus
379 1951 414 1999 et
441 1935 637 1997 Freinshem.
667 1934 707 1997 ad
736 1934 831 1999 Curt.
849 1946 883 2012 5,
905 1953 941 2017 9,
966 1943 1001 2014 4.
1026 1935 1113 1997 etin
1135 1935 1248 2018 primia

104 2052 106 2057 '
204 2038 348 2104 Scheffer
369 2037 409 2100 de
427 2056 462 2099 re
478 2036 654 2098 vehiculari
673 2052 708 2108 9.
735 2048 792 2114 95.
843 2036 970 2107 Plures,
996 2036 1109 2118 quido
1131 2055 1247 2099 eorum

203 2132 329 2219 rat'miro
352 2151 387 2201 et
415 2136 473 2197 ulu
505 2138 671 2209 dixerunt,
704 2137 824 2200 indicat
847 2137 1011 2217 Fabricius
1039 2138 1074 2199 in
1099 2136 1247 2225 bibliop-

72 2234 75 2239 ’
204 2244 328 2321 antiqu.
353 2258 421 2322 cap.
442 2253 498 2315 17.
519 2239 549 2318 §.
566 2250 600 2315 3.
624 2259 657 2320 p.
673 2244 718 2301 m.
736 2250 821 2317 825.
873 2238 1007 2303 Illorum
1036 2238 1176 2303 formam
1197 2259 1248 2303 ox·

204 2342 383 2431 prellorunt
397 2338 616 2404 8919119991
632 2352 665 2403 ot
679 2340 878 2404 stewechius
893 2342 933 2403 ad
948 2343 1059 2426 Vegot.
1074 2340 1115 2404 de
1132 2341 1248 2407 militia

206 2459 241 2525 3,
260 2451 319 2526 94.
356 2441 490 2504 Aborrat
507 2440 638 2504 Curtiua
656 2453 688 2520 5,
704 2460 738 2523 9.
756 2452 791 2525 4.
813 2441 851 2503 ab
871 2443 1008 2506 aliorum
1025 2442 1247 2527 descriptione.

205 2545 286 2609 dum
307 2541 400 2606 falces
424 2540 556 2605 lummio
578 2556 720 2605 rotarum
747 2543 878 2607 orbibus
906 2542 1033 2608 haolillo
1057 2542 1184 2617 scribit,
1215 2556 1248 2608 ot

70 2714 75 2737 .
204 2648 294 2711 vario
308 2656 449 2707 tentatur
464 2642 517 2706 est.
557 2641 609 2709 (ll.
624 2646 663 2706 ad
680 2665 707 2708 9.
725 2645 747 2708 Ι.
772 2660 807 2710 99
827 2648 861 2707 in
884 2647 996 2729 primia
1010 2646 1186 2733 Welleling
1208 2644 1248 2709 all

204 2733 340 2812 Diodor.
359 2766 386 2808 c.
404 2747 427 2810 l.
478 2746 566 2808 Hinc
588 2764 666 2808 voro
680 2737 877 2837 falciferum
897 2748 1172 2815 covinnztm,dixit
1190 2747 1246 2811 Sil.

205 2849 276 2915 Ital.
299 2856 456 2928 17‚418.
479 2848 529 2909 uti
544 2849 680 2909 omnino
689 2839 868 2938 falciferos
884 2856 1004 2920 curnts',
1024 2849 1082 2933 qui
1096 2850 1166 2915 allia
1183 2850 1248 2933 plo·

85 2954 91 2969 “
156 3031 160 3038 ¹
206 2969 343 3032 rumque
367 2946 439 3009 lunt
451 2940 599 3039 falcati,
632 2949 758 3013 Lucrat.
780 2963 815 3029 3,
839 2950 925 3031 649.
949 2979 1001 2995 -·
1043 2952 1095 3014 Do
1116 2964 1247 3021 auctore

204 3071 318 3116 eorum
334 3070 486 3112 curruum
501 3050 689 3133 disputatur.
712 3069 774 3113 neo
789 3049 993 3125 consentiunt
1007 3067 1164 3119 auctoru.
1197 3052 1248 3119 tlt

205 3153 328 3236 Cyrum
342 3153 442 3236 vulgo
457 3149 606 3239 dolornnt
627 3170 702 3215 curn
721 3152 873 3236 Xenoph.
888 3154 924 3215 in
946 3152 1068 3237 Cyrop.
1084 3154 1119 3226 6.
1137 3173 1170 3227 r.
1186 3171 1245 3235 99.

204 3256 269 3322 sed
283 3254 365 3317 Nini
385 3254 569 3335 exemplum
590 3252 681 3335 [upra
700 3253 820 3326 adtuli,
850 3268 885 3319 et
899 3253 1028 3341 relligio
1046 3273 1162 3343 nomm
1180 3256 1247 3341 qui·

206 3357 282 3420 dam
303 3355 468 3438 reperiunt
493 3352 539 3415 in*
554 3355 654 3418 litorio
677 3352 770 3418 locrio
794 3352 897 3420 ludio.
918 3376 949 3428 r,
976 3373 1033 3436 19,
1056 3366 1092 3435 4,
1119 3370 1154 3439 3.
1190 3356 1247 3421 ubl

205 3438 305 3532 ἯἾΞ
328 3454 429 3528 331,
451 3456 605 3538 interpres
619 3469 706 3519 certo
721 3458 870 3542 vulgatus
882 3453 978 3521 habet
991 3450 1246 3550 currurfalootr'.

204 3560 247 3625 At
261 3560 329 3623 vid.
345 3577 424 3641 quae
442 3559 582 3639 disputat
597 3558 740 3621 scheller
755 3579 784 3623 9.
799 3560 820 3624 l.
852 3559 977 3625 Mirum
988 3574 1075 3623 recte
1090 3560 1246 3632 vidntur.

203 3678 261 3722 our
277 3660 377 3722 lulius
392 3656 504 3723 Caelar
518 3659 600 3721 nihil
618 3659 658 3720 do
674 3661 712 3721 iis
728 3660 874 3723 curribus
887 3661 1117 3731 Britannorum
1129 3660 1247 3727 19199919

203 3773 458 3831 commemoret,
485 3781 559 3821 cum
584 3773 690 3823 tamen
710 3761 856 3826 Frontin.
872 3761 996 3847 strateg.
1014 3779 1048 3835 2.
1068 3775 1104 3843 3.
1126 3762 1246 3835 scribat,

205 3880 281 3925 eum
299 3862 463 3925 Gallorum
485 3859 609 3924 falcatas
628 3863 793 3947 quadrigas
815 3865 927 3925 eadem
947 3864 1069 3927 rationo
1092 3865 1175 3948 palio
1194 3866 1246 3929 (19·

185 3964 276 4048 ‘fixit
296 3961 447 4047 excepllle
468 3978 561 4044 atque
583 3961 765 4029 inhibuille.
818 3965 986 4029 Existimat
1005 3966 1105 4051 igitur
1120 3962 1246 4033 Voffioa

202 4064 350 4151 9910991.
367 4066 408 4131 do
427 4064 468 4129 B.
484 4063 525 4128 G.
542 4073 578 4145 4.
593 4073 654 4145 94.
693 4065 843 4129 Frontini
863 4068 1082 4133 narrationem
1104 4068 1245 4135 19991199
