2558 4606
104 312 166 395 ,36
249 286 256 298 “
392 264 555 379 nourr.
595 297 897 376 9199911919

127 491 244 555 tribuit
263 491 381 554 Martia
400 513 432 574 p.
455 501 543 572 134.
565 511 697 575 eamque
719 492 842 554 derivat
862 489 901 552 ab
928 489 1067 572 Hercule
1087 489 1167 555 ruti.-

37 596 40 601 ’
130 613 212 676 quo,
237 614 332 676 quem
353 596 387 654 in
409 609 517 657 vetere
534 606 748 657 monumento
764 592 885 655 Hercul
884 613 930 653 em
948 568 1167 682 Mccusuuum

31 712 33 721 *
60 742 73 772 .·
130 696 281 778 adpellari
307 689 423 766 credit,
460 697 579 786 quippe
604 699 660 777 qui
685 716 725 757 ex
751 695 913 756 Phoenice
940 695 1067 755 dtrxetit
1092 695 1166 759 illos

128 797 292 898 populus
284 819 318 857 m
334 796 516 881 Hispaniam
533 811 566 859 et
580 797 686 860 inde
677 818 711 858 19
729 797 873 858 Galliam.
903 793 954 858 Ci.
971 796 1067 857 etiam
1083 795 1168 859 alte

119 896 235 961 serra
225 921 260 960 rn
276 918 380 961 rerum
398 899 502 980 Aquit.
519 892 575 963 lib.
593 909 628 976 4.
649 920 679 982 p.
699 912 821 981 9819
783 892 831 960 s.
884 899 965 958 inde
980 914 1057 958 vero
1075 912 1108 959 et
1127 916 1168 959 ex
1197 946 1200 951 .

129 999 249 1062 vicinia
264 1000 470 1084 intelligitur,
493 1003 579 1082 quod
593 1002 674 1082 apud
693 997 841 1063 Strabon.
857 1009 890 1074 4.
908 1021 940 1081 p.
954 1012 1034 1075 181.
1050 996 1072 1061 1.
1085 1016 1168 1079 199.

131 1101 259 1164 differre
276 1123 292 1164 a
312 1103 441 1184 reliquie
457 1103 563 1172 Gallie,
588 1115 620 1164 et
637 1087 784 1181 Hispania
796 1100 911 1162 similes
934 1098 993 1161 esse
1008 1100 1170 1171 dicuntur,

132 1221 172 1264 ex
186 1221 252 1284 quo
268 1204 365 1283 aliqui
388 1206 562 1266 voluerunt
583 1202 621 1264 ab
644 1201 789 1284 Hispanis
811 1221 924 1263 eorum
943 1201 1100 1284 originem
1123 1222 1172 1263 re·

130 1317 249 1386 petere.
292 1302 343 1368 Cs.
369 1304 541 1367 Mernoiree
567 1335 616 1352 ·-
643 1304 682 1364 de
704 1304 789 1364 Paris
813 1303 854 1366 T.
872 1315 905 1380 8.
925 1325 956 1385 p.
975 1314 1060 1382 491.
1113 1303 1172 1366 Uti

130 1424 209 1467 varo
235 1406 303 1488 post
324 1405 485 1468 Caesarem
507 1420 539 1468 et
564 1405 704 1488 Hirtium
731 1405 865 1465 omnino
891 1405 978 1466 Galli
1000 1418 1171 1478 vocantur,

131 1504 172 1568 lic
196 1507 275 1569 olim
308 1527 419 1570 omnes
452 1501 575 1576 Celtae,
613 1526 804 1588 quamquam
830 1508 864 1567 in
900 1507 1038 1589 populor
1065 1506 1172 1571 divisi.

131 1607 244 1689 Scylax
264 1630 295 1691 p.
314 1608 465 1671 9119111.
489 1611 556 1692 post
575 1598 678 1670 iberae
697 1607 800 1669 statim
821 1609 915 1691 ponit
934 1609 1066 1693 Ligures
1080 1621 1115 1669 et
1135 1608 1172 1669 itr

131 1709 171 1770 iis
188 1705 367 1772 Massiliam.
414 1711 486 1781 Alii,
510 1722 547 1770 ut
561 1711 710 1791 Ephorus
727 1711 810 1792 apud
826 1708 973 1771 Strabon.
990 1720 1024 1788 4.
1042 1730 1074 1790 p.
1089 1723 1172 1789 157.

132 1798 154 1873 st
180 1829 260 1890 ¹99·
281 1812 437 1875 Celticum
457 1812 490 1872 in
509 1811 692 1893 Hispaniam
707 1831 807 1892 utque
825 1811 1003 1872 extendunt
1020 1825 1053 1871 et
1074 1810 1174 1896 longe

131 1915 286 1974 maiorem
301 1909 431 1976 faciunt.
455 1914 590 1976 Diodor.
599 1914 659 1976 Sic.
671 1924 705 1989 5,
721 1927 778 1988 89.
789 1915 833 1976 in.
850 1912 904 1994 qui
921 1914 1071 1974 interiora
1084 1911 1174 1994 supra

67 2046 71 2055 ·
131 2010 304 2074 Massiliam
328 1996 494 2087 tenebant,
525 2016 628 2096 etqui
647 2017 734 2074 iuxta
751 2016 845 2096 Alpes
865 2029 897 2073 et
913 2016 957 2075 cis
972 2013 1174 2092 Pyrenaeum

132 2113 333 2185 habitabant,
377 2117 488 2177 Celtas
513 2130 621 2184 vocat,
665 2116 744 2176 ultra
777 2134 832 2176 eos
866 2119 922 2196 qui
947 2115 1040 2198 positi
1072 2130 1175 2186 eraut,

136 2214 439 2298 6911919999119191
462 2217 571 2286 tradit,
597 2216 652 2278 etsi
669 2217 721 2277 hic
737 2219 893 2278 terminos
914 2218 1012 2299 longe
1034 2219 1173 2282 excedit.

133 2314 185 2379 Cf.
217 2305 351 2400 Appian.
376 2319 416 2379 de
444 2319 511 2379 reb.
540 2315 628 2399 Hisp.
654 2336 720 2399 cap.
745 2336 775 2381 1.
829 2313 1175 2402 Hinclirltroyultlte'u

132 2418 272 2514 Ptolem.
288 2435 319 2485 9.
337 2435 369 2495 7
393 2436 424 2480 et
444 2418 586 2480 Eustath.
607 2419 645 2479 ad
667 2417 799 2498 Dionys.
822 2441 854 2482 v.
879 2429 962 2495 988.
984 2413 1177 2507 σύμπαντες

132 2495 323 2606 Εὐρωπαῖοι
351 2515 509 2583 Fuluium
541 2512 664 2584 lieri
613 2541 665 2582 οι
694 2511 756 2584 ὑπὸ
784 2517 948 2607 Ελλήνων
975 2515 1175 2606 ἐκλήθησαν.

117 2621 209 2706 'Post
231 2608 367 2683 incaluit
393 2622 526 2684 Galatia
546 2637 578 2684 et
602 2621 756 2694 Galatae,
786 2623 862 2684 inde
888 2622 996 2684 Gallia
1018 2635 1051 2684 et
1074 2621 1173 2696 Galli,

127 2723 271 2806 ‚quidam
279 2723 466 2813 promiscue
485 2719 594 2786 Celtae
606 2741 641 2786 et
660 2723 745 2785 Galli
760 2724 881 2793 dicunt,
905 2738 941 2784 ut
955 2724 1150 2786 Plutarch.
1140 2746 1194 2789 19,

134 2822 263 2886 Caesare
290 2821 411 2908 pffrasl'im
446 2827 519 2886 Vid.
541 2825 688 2888 Perizon.
713 2827 751 2886 ad
776 2827 896 2888 Aelian.
919 2827 956 2888 V.
974 2825 1017 2888 H.
1037 2842 1092 2894 19,
1113 2840 1172 2904 98.

134 2907 273 2988 Cellar'.
264 2927 432 3012 rnGeogr.
447 2940 548 3006 autc
553 2943 615 2997 ..9
633 2926 1176 3004 4.Oihenartuc1nnot1tVasco·

133 3030 254 3103 uiae3,
280 3014 330 3108 4.
327 3031 473 3110 p.469.
506 3029 675 3090 Valesius
667 3049 699 3087 m
721 3030 816 3090 notit.
844 3029 969 3093 Galliar.
995 3048 1065 3110 pag.
1089 3031 1174 3108 96.

135 3129 265 3192 Martin.
287 3151 319 3211 p.
337 3132 394 3208 69.
413 3150 440 3191 c.
463 3132 485 3192 1.
515 3130 578 3216 ubr
592 3143 692 3211 putat,
726 3127 947 3199 ideosactum,
977 3132 1077 3211 quod,
1098 3132 1177 3194 licet

134 3230 251 3315 Belgae
273 3224 336 3290 iarn
358 3233 437 3292 olim
461 3244 493 3292 et
516 3231 663 3311 Aquitani
688 3233 720 3290 in
743 3231 842 3293 Gallia
871 3226 1016 3301 fuissent,
1053 3232 1176 3296 Celtica

134 3344 241 3392 tamen
268 3330 345 3399 sole,
379 3352 448 3413 pars
471 3333 608 3403 Galliae,
647 3332 833 3395 innotuisset
863 3332 970 3414 priscis
991 3334 1119 3396 Graecia
1140 3347 1177 3397 et
1207 3378 1210 3383 .

136 3433 301 3496 Romanis.
338 3431 388 3496 Cf.
406 3434 467 3496 Iul.
485 3433 572 3497 Caes.
589 3436 629 3495 de
644 3433 684 3494 B.
703 3433 743 3497 G.
759 3436 804 3497 in.
849 3434 961 3496 Noster
975 3455 991 3496 a
1006 3435 1178 3516 Pyrenaeo

111 3533 172 3595 'ad
197 3535 409 3605 Garumnam,
444 3548 481 3612 ut
504 3536 640 3612 Ptine.
668 3550 725 3612 51.
749 3535 769 3600 s.
798 3551 853 3612 17.
881 3534 1015 3620 profert.
1068 3539 1112 3600 Et
1136 3539 1179 3601 sio

135 3633 341 3701 Caesarei.
371 3633 478 3698 Gallos
514 3636 553 3696 ab
585 3637 748 3717 Aquitanis
782 3637 943 3700 Garumna
973 3636 1009 3701 il.
1042 3635 1177 3706 dividit.

132 3736 273 3801 Ptolem.
294 3755 325 3808 9,
344 3753 378 3812 7.
398 3757 475 3800 vero
494 3739 532 3800 ad
550 3739 690 3822 Ligerim
707 3735 740 3800 sl.
759 3741 919 3812 extendit,
946 3741 1036 3802 cuiue
1054 3739 1180 3815 causam

135 3837 274 3924 subgerit
288 3838 400 3904 Strabo
414 3850 449 3919 4.
465 3862 498 3924 p.
520 3855 600 3919 181.
619 3838 638 3900 s.
662 3852 740 3920 189.
755 3853 788 3916 et
804 3855 893 3904 antea
908 3863 939 3924 p.
957 3830 1036 3906 199.
1055 3841 1074 3904 s.
1092 3854 1174 3920 177.

137 3939 263 4021 Nempe
286 3961 360 4004 cum
384 3944 481 4003 nimie
503 3941 640 4028 angustie
661 3941 818 4004 limitibus
834 3942 1057 4026 circumscripti
1077 3944 1178 4008 essent

52 4134 58 4144 .
135 4043 274 4118 incolae,
301 4045 407 4108 addita
425 4044 542 4109 Galliae
564 4062 634 4129 para
652 4043 732 4108 ultra
747 4044 951 4111 Garumnam
967 4047 1006 4111 ad
1022 4047 1176 4137 Ligerim,
