2558 4606
54 438 100 453 Ἣ
171 362 237 429 are
443 363 952 431 narranaam-meaa
1072 364 1078 373 ·

175 538 313 605 omnino
329 537 363 601 in
383 535 494 603 insulis
511 539 561 603 acl*
572 539 724 603 ducatum
739 536 1009 605 Schlelviceniern
1025 532 1229 619 quaerendae*

175 653 267 725 putat
282 640 438 713 Aloaias‚·
450 650 534 705 'cum
549 642 589 703 acl
611 642 812 705 occidentem
825 640 980 705 Cimbrici
999 636 1221 721 promontorii

176 743 282 809 nullae
304 742 365 805 lint
382 743 491 807 hodie.
527 742 660 817 Cluver.
674 764 702 807 c.
718 745 742 807 l.
764 759 798 823 3,
815 753 876 825 40.
892 736 925 825 p
944 743 1030 819 665.
1054 741 1095 801 ad
1116 738 1229 801 oriem·

177 859 246 911 tem
262 844 332 909 litae
343 843 408 907 ‘eise
420 857 512 928 putat
527 836 632 934 leffe,
647 838 750 916 Rom,
773 845 905 908 Anbclt.
952 842 1139 926 Schoening
1151 850 1186 905 c.
1199 838 1231 901 l.·

178 947 289 1018 Mors,
327 947 410 1028 Thya
433 960 466 1009 et
490 944 526 1011 V
525 938 694 1038 endsyffel.
727 966 861 1030 quarum
884 946 966 1007 duae
987 945 1139 1013 ultimae,
1167 938 1224 1004 etii

178 1047 278 1121 bodie
300 1048 481 1111 continenti
503 1048 709 1120 adhaereant,
742 1051 821 1113 olim
843 1046 961 1110 insulae
982 1043 1072 1109 fuisse
1096 1042 1156 1127 lpli
1178 1043 1227 1104 vi·

179 1150 308 1213 alentur.
358 1151 468 1213 Plures
485 1169 562 1217 raro
582 1151 699 1213 insulae
716 1151 752 1213 in
772 1150 902 1214 Oceano
918 1148 1112 1211 Germanico
1134 1140 1228 1207 notat

182 1251 296 1325 Strabo
312 1267 346 1327 7.
368 1273 398 1333 p.
413 1269 501 1316 ¹201.
519 1250 540 1320 s.
559 1269 644 1332 291.
663 1252 697 1313 in
717 1254 820 1335 litque
840 1271 940 1315 unam
963 1248 1064 1312 adfert
1088 1247 1228 1311 nomine

49 1400 54 1411 ,
180 1353 379 1435 Byrclaanin,
399 1374 415 1417 a
432 1352 534 1415 Druso
549 1369 773 1438 expugnatam.
798 1346 964 1436 Stephano
982 1351 1015 1415 lt.
1032 1371 1066 1413 v.
1088 1348 1133 1435 eil
1147 1347 1232 1409 Bur·

181 1455 312 1525 charris,
339 1457 398 1537 qui
426 1456 615 1519 Strabonem
642 1455 752 1518 testem
766 1456 918 1538 adlegat,
960 1453 1016 1515 etii
1041 1452 1095 1513 ille
1121 1449 1231 1521 alitert

181 1555 291 1618 Plinio
308 1568 343 1635 4,
365 1573 424 1631 97.
448 1556 470 1621 [.
500 1572 555 1636 15.
581 1557 773 1626 Barchana.
815 1559 872 1638 qui
903 1550 1108 1616 nobilissimis
1141 1550 1235 1613 illiue¹

181 1669 298 1721 tractae
322 1657 432 1722 inlnlin
453 1657 615 1728 adcenlet,
644 1659 844 1738 omninoque
864 1671 910 1736 05
929 1655 1042 1727 habet,
1068 1660 1147 1737 quae
1168 1651 1232 1713 huo

181 1761 360 1845 pertinere,
384 1754 559 1843 progressio
577 1779 593 1820 a
610 1759 837 1840 promontorio
850 1757 1016 1819 Cimbrica
1032 1757 1071 1818 ad
1090 1753 1232 1817 Scaldim

183 1861 289 1933 docet.
323 1861 447 1923 Omnes
462 1859 527 1923 fere
544 1859 670 1921 summo
687 1857 841 1921 consensu
856 1858 890 1922 b.
904 1859 1067 1920 Barabam
1083 1858 1123 1920 ad
1143 1854 1238 1917 arni-1

184 1960 243 2031 srae
261 1961 376 2026 ostium
390 1962 535 2033 credunt,
556 1962 691 2025 nomine
706 1963 803 2024 etiam
822 1960 963 2023 invitati.
996 1957 1049 2023 Cf.
1064 1958 1234 2022 Pontanue

111 2054 113 2059 ⁵
183 2062 219 2141 ip
241 2063 389 2147 chorogr.
413 2066 536 2127 Daniae
556 2061 653 2126 delcr.
675 2083 749 2148 pag.
767 2063 861 2150 665.
899 2061 994 2123 -Olim
1018 2062 1129 2131 etiam,
1157 2057 1234 2123 testo

183 2162 291 2259 Plinio
306 2183 332 2228 c.
348 2165 369 2227 l.
386 2163 527 2225 Fabaria
542 2184 559 2225 a
574 2162 674 2252 fragia
691 2164 896 2226 fimilitudine
914 2161 1025 2245 sponte
1039 2163 1236 2244 provenien·

185 2267 227 2327 tia
245 2265 327 2325 dicta
349 2266 402 2327 est.
455 2266 543 2327 Alibi
566 2276 750 2341 tamen·18‚
770 2280 829 2346 3⁰·
845 2264 866 2329 s.
884 2281 941 2329 12.
958 2262 1115 2326 Fabarias
1137 2261 1235 2324 habet

186 2364 301 2427 insulae
322 2367 356 2426 in
380 2366 512 2429 Oceano
537 2365 805 2449 septemtrionali,
830 2368 886 2449 qui
907 2367 951 2430 eil
966 2365 1070 2428 noller
1087 2366 1141 2425 bio
1158 2365 1235 2425 Ger·

133 2512 136 2517 -
186 2469 343 2535 manicat.
379 2469 544 2533 Praeterea
559 2469 682 2531 Plinius
698 2478 732 2548 4,
747 2485 806 2545 97.
822 2467 914 2548 [13.
932 2482 1023 2529 notat
1038 2466 1234 2537 Glelsariam.

82 2648 87 2655 ι
187 2569 256 2655 post
275 2571 372 2632 etiam
395 2563 567 2659 Gleffara'as
588 2591 605 2631 a
629 2568 772 2642 succino,
805 2571 868 2631 alio
896 2571 1030 2632 nomine
1052 2558 1237 2629 Electridas

188 2671 228 2737 ab
241 2671 379 2742 electro,
404 2691 444 2733 ex
459 2670 604 2743 sermone
624 2673 839 2735 recentiorum
861 2672 1067 2734 Graecarum.
1111 2670 1181 2753 Qui
1194 2669 1234 2730 ad

188 2756 383 2835 Borafficam
401 2792 489 2835 aram
504 2788 641 2856 ponunt,
658 2773 728 2837 lunt
742 2775 841 2843 enim,
857 2769 1113 2856 longiueacnrsu
1127 2782 1162 2833 et
1174 2770 1235 2833 litu

188 2873 286 2960 Plinii
311 2874 473 2945 aberrant,
509 2872 635 2957 decepti
659 2867 767 2939 electri
788 2876 973 2946 mentione,
1000 2875 1088 2954 quod
1111 2875 1146 2933 in
1172 2872 1236 2934 Bo·

188 2970 301 3040 tuisrca
319 2995 372 3060 ora
388 2989 514 3037 tantum
528 2970 758 3039 inveniri'falso
776 2991 940 3060 putarunt.
988 2978 1038 3038 De
1055 2973 1183 3036 succino
1200 2975 1236 3035 in

190 3076 361 3142 Germania
385 3081 521 3143 invento
544 3077 657 3141 diserte
669 3081 858 3162 Solincap.
876 3092 935 3158 25.
960 3075 981 3141 s.
1005 3095 1063 3140 20.
1107 3076 1171 3139 Sed
1192 3087 1237 3146 et,

189 3180 386 3263 quirectius,
410 3179 598 3262 discrepant.
634 3181 777 3244 Orteliue
791 3180 825 3243 h.
840 3202 872 3241 v.
888 3182 1017 3242 Amereu
1031 3191 1135 3259 putat,
1161 3177 1238 3241 ctus

191 3301 259 3347 ner.
277 3301 305 3342 c.
323 3281 346 3342 l.
365 3295 398 3358 3.
417 3295 475 3360 95.
496 3302 529 3364 p.
545 3295 629 3360 597.
653 3284 832 3365 proximam
854 3282 899 3342 illi
921 3279 1059 3349 Straud,
1086 3281 1237 3364 quamvle

194 3373 368 3470 &saffarias
388 3381 527 3445 diversae
541 3383 615 3447 facit
632 3397 665 3461 3,
680 3395 740 3462 40.
755 3403 787 3465 p.
807 3384 891 3447 662.
915 3395 949 3444 et
964 3402 1065 3463 prope
1079 3378 1237 3445 Sbetlanb

192 3483 301 3547 versuo
316 3482 523 3569 Norvagiam‚
551 3485 606 3546 ubi
623 3487 730 3554 Ferre.
756 3487 889 3566 quaerit,
909 3504 985 3559 cum
1004 3497 1122 3552 tamen,
1150 3482 1236 3544 utin

192 3583 334 3651 Fabaria
347 3586 502 3656 vidimus.
525 3588 613 3653 idem
626 3588 751 3649 credam
767 3590 877 3650 cadere
891 3589 926 3650 iu
937 3584 1130 3656 Gleffanrm,
1150 3584 1238 3646 unde

195 3685 361 3754 Gleilariae
376 3688 464 3749 addit
473 3692 645 3752 Antoniam
655 3689 788 3752 Pliniue.
814 3689 885 3752 vid.
897 3697 931 3768 4,
949 3684 1041 3762 97.ΐ.
1057 3701 1112 3767 ¹5·
1131 3698 1238 3764 (77.5.

197 3787 359 3852 Harduin.
383 3790 420 3849 ad
442 3791 524 3853 Plin.
541 3803 575 3869 4,
593 3805 652 3871 50.
669 3789 690 3852 f.
712 3792 767 3854 ιδ.
793 3790 849 3871 qrii
870 3804 955 3851 recte
970 3789 1009 3850 ad
1024 3801 1153 3859 ortum,
1185 3785 1239 3849 sed

151 3899 153 3903 ’
193 3886 271 3955 falso
297 3890 330 3950 in
354 3888 418 3953 ius.
438 3891 563 3955 Oaland
585 3906 618 3954 et
646 3891 792 3955 Gatlarrd
824 3892 964 3973 quaerit.
999 3903 1032 3951 et
1063 3892 1099 3951 in
1124 3890 1239 3971 primia

194 3991 381 4076 Schoening
395 4010 420 4057 0.
440 3995 461 4055 l.
478 4014 510 4076 p.
521 4003 580 4070 87.
601 3991 658 4078 qui
673 3992 853 4056 Gleffariam
868 3991 890 4056 l.
904 3990 1109 4086 Arfirana'am
1125 3991 1160 4054 h.
1173 3989 1239 4053 dict

194 4092 351 4167 Amalattd
368 4096 598 4189 atillimatnt
615 4086 905 4189 Gleffart'aaetiam
926 4095 973 4190 00Ι
984 4106 1095 4164 ortum
1113 4084 1239 4161 mann·
