2558 4606
185 372 226 440 ³⁶
392 342 613 451 [nom
654 349 963 425 exnuncrca'e·
1041 394 1043 401 ι

185 560 259 605 eum
275 539 407 604 Pactolo
423 550 539 602 cettrre
557 539 644 601 dicit.
683 536 780 622 Quorl
796 535 892 602 reiert
907 533 1070 622 Biisclting
1082 554 1118 621 p.
1133 535 1225 607 ωδ.
1263 530 1271 602 l

185 643 366 707 iohannem
386 640 448 704 111.
473 640 629 723 sceptrum
650 659 688 701 ex
705 642 774 701 eiua
795 660 872 703 auro
895 637 1078 702 iaciendum
1097 638 1154 700 libi
1176 658 1244 701 cuv
1268 644 1271 683 Ι

184 745 275 814 rasse,
307 741 413 806 nescio
439 763 479 804 an
506 743 548 818 udv
571 742 652 824 Tagi
678 761 791 803 aurum
816 744 983 824 pertineat.
1022 740 1097 803 vlu.
1126 739 1226 825 supra.
1268 732 1271 785 Ι

116 924 122 930 ,
182 847 232 911 to
257 847 318 907 hoc
339 845 473 933 flumine
489 843 649 907 Lusitania
667 841 850 927 incipiebat.
877 842 983 929 (i’lin.
998 852 1033 927 4,
1049 839 1227 921 35.s.21.
1268 846 1271 887 ¹

41 946 44 957 “
182 965 218 1011 et
239 944 352 1026 alii.)'
697 960 698 964 ’
1091 963 1100 974 ·

252 1139 408 1241 flexu)
455 1145 571 1212 torn
594 1148 843 1214 mediterranea.¹
931 1143 938 1184 .·

261 1351 492 1434 Celticum.)
523 1353 593 1416 'Sic
616 1364 649 1439 et
670 1351 802 1430 Pttnn,
821 1365 880 1436 34.
898 1348 919 1413 s.
938 1366 996 1416 20.
1049 1350 1143 1413 ldem
1164 1349 1227 1412 elio

66 1494 68 1500 ‹
183 1456 256 1519 loco
278 1458 333 1534 (4,
359 1452 416 1532 56.
443 1453 464 1518 s.
484 1458 564 1535 uo.)
592 1444 830 1516 Arrotrebarum
857 1455 1106 1535 promontorium
1134 1463 1228 1515 vocat
1267 1438 1271 1443 ¹

183 1556 223 1620 eb
238 1552 434 1629 Affiotrebie,
459 1576 541 1641 quoe
555 1556 590 1616 in
605 1556 703 1638 priori
717 1554 789 1619 loco
803 1571 876 1618 ante
891 1554 1052 1619 Celticum
1067 1554 1227 1636 ponebat3

50 1722 53 1727 ,
184 1646 299 1720 Strabo¹
322 1655 478 1720 Artabron
498 1660 607 1727 vocat,
634 1658 757 1738 dequo
779 1657 871 1720 inira.
924 1657 1109 1719 Ptolemaeo
1133 1672 1166 1725 Ω,
1192 1655 1227 1719 6.

182 1759 227 1823 eil
240 1756 357 1847 Νέρων
373 1755 572 1847 ἀκρωτήριον
588 1759 626 1820 ab
641 1758 770 1841 populis
786 1760 900 1819 itidem
917 1757 1040 1827 Neriie,
1066 1759 1124 1838 qni
1139 1775 1228 1819 acco·

181 1860 291 1923 lebant
312 1861 347 1922 in
362 1860 427 1922 hoc
447 1873 548 1923 tractu
565 1860 673 1921 ultimi
692 1857 751 1924 sec.
766 1858 897 1922 Melam.
950 1859 1130 1920 Consrrntat
1149 1877 1227 1921 vero

182 1964 317 2026 omnino
342 1962 455 2025 Strabo
472 1976 505 2043 3.
530 1982 563 2044 p.
587 1960 668 2024 106.
691 1958 816 2041 s.155.
840 1961 899 2020 ubi
921 1947 1053 2029 scribit.
1075 1958 1228 2022 Artabron

181 2066 262 2127 circa
278 2062 415 2142 Nerium
432 2082 538 2146 prom.
559 2063 701 2126 habitare
720 2062 789 2144 poll
803 2044 954 2130 Celticos,
984 2063 1072 2124 unde
1088 2062 1128 2122 ab
1145 2061 1228 2123 occi·

56 2217 59 2221 .
151 2230 155 2238 ,
171 2166 279 2230 'alente
293 2163 333 2226 ad
348 2162 609 2246 septemtrionem
625 2177 829 2225 convertatur
841 2163 1005 2246 Hispania.
1043 2151 1135 2224 l‘dem
1152 2181 1227 2247 conf

181 2268 286 2330 firmat
310 2260 450 2328 Ptolem.
476 2282 517 2335 2,
532 2261 566 2327 6.
601 2265 688 2326 undo
713 2253 889 2326 refutantur
919 2268 952 2329 in
976 2265 1084 2328 Plinio
1106 2275 1141 2343 4,
1166 2275 1226 2344 55.

181 2366 284 2430 1221.
321 2362 577 2448 qui'Arlnbrum
607 2367 706 2431 etium
732 2368 894 2450 Magnum
921 2380 955 2432 et
987 2354 1228 2461 Olfipponense

181 2470 343 2533 dixerunt.
1091 2468 1096 2477 ‘

353 2674 384 2753 §.
412 2684 447 2751 8.
502 2672 681 2756 Celtici)
731 2677 801 2737 Sec.
828 2671 975 2747 Strabon.
994 2681 1028 2750 3.
1046 2690 1120 2755 pag.
1141 2668 1225 2733 106.

142 2790 143 2794 ’
178 2768 204 2847 f,
234 2786 315 2853 153.
345 2772 530 2840 habitarunt
553 2776 633 2838 circa
657 2776 794 2846 Nerium
816 2774 1077 2858 promontorium
1099 2788 1230 2834 eorum·

180 2893 243 2959 quc
258 2878 385 2960 cognati
400 2878 439 2938 ad
454 2874 489 2939 fl.
506 2877 620 2950 Anam,
641 2880 697 2960 qni
712 2880 787 2939 inde
802 2873 913 2962 egressi
928 2876 965 2936 ad
982 2875 1227 2956 expeditionem

120 3004 123 3008 “
181 2976 329 3041 bellicam
349 2978 402 3039 hic
414 2977 631 3042 consederant.
671 2981 721 3040 Ex
740 2999 804 3061 quo
818 2979 1022 3041 convincitur
1036 2974 1224 3044 liniendius,

180 3079 236 3161 qui
261 3081 295 3142 in
320 3081 441 3162 antiqu.
470 3074 569 3145 Lustt'.
595 3080 652 3143 lib.
675 3102 703 3144 1.
729 3101 760 3162 p.
784 3101 828 3144 m.
854 3092 907 3156 ι5.
937 3080 1075 3140 Celticos
1102 3077 1181 3138 dicit
1207 3095 1226 3139 a

178 3181 336 3244 Lusitania
373 3183 408 3243 in
446 3182 608 3244 Baeticam
639 3180 808 3252 transiisse,
852 3196 885 3242 et
917 3180 1012 3243 urbes
1038 3165 1231 3249 condidisse,'

178 3283 266 3364 quod
290 3284 427 3345 doceant
451 3297 582 3369 cognata
616 3285 758 3346 nomina.
812 3284 911 3346 llecte
941 3284 1071 3363 quidem
1097 3279 1160 3342 hoc
1185 3278 1226 3341 ad

177 3385 308 3447 alteram
323 3387 522 3468 opinionem.
564 3385 649 3451 Plin.
663 3394 698 3465 4,
717 3395 776 3469 54.
792 3384 813 3447 s.
831 3402 888 3448 tto.
911 3384 964 3446 hic
979 3398 1137 3446 memorat
1151 3378 1226 3446 Cel·

182 3487 262 3547 ticon
293 3488 487 3571 cognomine
517 3487 635 3550 Nerius
656 3500 688 3550 et
711 3478 965 3578 Praesamarcos.
1010 3488 1052 3568 At
1083 3484 1241 3549 Ptolem·

182 3602 216 3657 2,
234 3599 277 3664 ,5.
302 3588 441 3653 Celticos
463 3607 563 3671 prope
577 3591 703 3674 Tagum
720 3591 814 3670 ponit
833 3590 884 3650 vel
905 3586 998 3659 salso,
1031 3586 1141 3648 velex
1164 3584 1234 3646 mi·'

179 3677 412 3773 gratione'poll
429 3687 525 3763 sacta,
550 3703 646 3753 recte.
692 3691 798 3775 Quam
814 3710 892 3751 vero
907 3691 986 3750 olim
1003 3690 1065 3749 late
1087 3690 1225 3768 patuerit

180 3789 343 3853 Celtarum
363 3812 461 3875 gens,
495 3787 792 3875 quorum'nornine
811 3793 1057 3854 continebantur
1079 3788 1223 3872 Hispani,

168 3891 280 3962 Gelli,
321 3892 484 3965 Britanni,
522 3893 639 3971 Illyrii,
682 3894 849 3966 Germani,
890 3897 985 3955 docet
1019 3892 1151 3956 Cluvcr.
1187 3894 1223 3954 in
1259 3912 1263 3925 ¹

165 3993 289 4056 Germ.
311 4007 375 4056 unt.
397 4016 425 4065 1,
439 4013 483 4060 n.
499 4017 531 4078 p.
554 4015 609 4077 ¹9·
631 3998 830 4079 omninoque
853 4018 967 4061 omnen
980 3997 1118 4080 populos
1136 4009 1222 4056 trane

178 4095 273 4180 Alpes
291 4108 324 4160 et
339 4096 455 4160 illrum
470 4098 515 4162 ita
531 4097 611 4164 olim
625 4110 776 4174 vocatos,
801 4099 906 4186 ipsum
921 4117 1063 4171 nomeu,
1085 4099 1134 4160 uti
1153 4098 1241 4206 Hy:
