2558 4606
262 364 616 429 turoneum.
655 366 765 427 tra.
805 368 925 433 ern.
966 370 1046 445 tn.
1109 371 1171 450 eu,

132 542 232 609 leenti
254 538 329 627 sunt
348 540 406 625 ipfi
431 552 593 612 auctorat,
624 558 701 605 eum
723 541 872 609 dixerunt
897 537 1096 638 Caucasum,
1121 548 1172 611 net

107 660 112 669 '
133 644 249 709 diserte
272 640 379 707 scribit
396 644 519 707 Arrian'.
536 654 570 723 5,
587 656 622 719 3.
660 642 808 707 Aliorum
825 646 895 709 lura
910 648 999 709 dabit
1014 648 1173 715 cellarino

102 778 105 783 ·
132 748 169 811 lu
190 746 310 831 oeogr.
327 758 394 810 1111.
418 760 451 822 3.
472 760 531 817 22,
555 764 588 811 1.
626 742 679 809 (ll.
699 745 796 809 etiarn
819 748 858 809 ad
883 762 915 829 3,
936 760 970 829 5,
987 750 1023 814 6.
1072 750 1172 815 Addit

134 848 252 915 sueto
274 858 328 925 ¹5·
351 868 424 933 pag.
440 856 528 927 474.
547 844 569 909 s.
586 847 671 926 689.
694 847 775 911 alioe
788 850 900 913 Indiae
915 864 1055 924 montet,
1078 853 1173 917 iniit
1249 882 1253 933 ;

131 950 317 1023 umatum.
342 950 481 1012 Imaum.
537 948 620 1019 allii,
646 950 682 1009 in
704 948 755 1011 ltit
772 952 871 1013 etiam
895 950 1045 1024 cernue.
1068 954 1172 1017 Arria·

133 1072 207 1125 11111.
240 1049 421 1117 Caucasum
444 1048 643 1135 distinguunt
668 1048 710 1111 ab
734 1051 953 1136 Parapamiso.
986 1056 1036 1117 uti
1062 1056 1174 1119 duruit

133 1154 370 1221 (iusserimus.
405 1152 565 1233 Equidem
580 1170 620 1215 ex
637 1150 796 1217 Strabone
809 1155 937 1239 explico
952 1156 1004 1227 fle,
1026 1158 1175 1223 utParo·
1217 1158 1220 1167 '

133 1254 280 1343 pamisue
308 1254 346 1317 fit
365 1252 520 1337 superiori
548 1250 636 1315 sensu
659 1252 884 1319 caucasiorum
911 1260 1075 1321 muntium
1092 1280 1175 1343 pere.

97 1378 101 1389 ·
133 1378 233 1443 quam
250 1358 381 1441 proprio
397 1356 531 1419 nomine
546 1368 671 1426 notant,
693 1352 806 1438 passam
822 1358 922 1421 etiem
936 1361 1074 1422 omnino
1089 1360 1176 1425 Ceu·

133 1458 196 1525 tesi
214 1460 349 1522 nomine
370 1458 636 1538 complectuntur.
685 1456 780 1519 lllam
796 1470 906 1523 tamen
923 1461 1176 1543 adpellatiouent

133 1562 269 1627 ductam
284 1559 344 1624 esse
361 1558 401 1619 ab
417 1560 664 1620 ltnlorurnvoue
678 1558 771 1620 Ksruu
787 1558 810 1623 l.
825 1558 934 1634 Khuu,
949 1576 1044 1645 putat
1057 1563 1175 1643 Bayer.

137 1682 168 1727 u.
182 1644 205 1725 l.
221 1682 296 1747 pag.
314 1672 348 1738 3.
388 1659 435 1723 Ab
454 1656 659 1743 Parapamiso
671 1660 761 1743 regio
777 1661 916 1723 finitima
932 1681 1055 1727 nornen
1068 1666 1175 1738 traxit,

136 1761 454 1846 Paropamisadarurn
472 1762 572 1845 regio.
597 1759 661 1830 rel.
684 1761 732 1821 uti
747 1760 791 1824 esi
805 1762 839 1823 in
854 1762 937 1826 cod.
949 1764 1075 1827 Arriani
1090 1780 1177 1847 Μ.

136 1868 278 1951 optimo,
304 1862 460 1947 probante
479 1862 656 1932 Gronovio‚
680 1858 926 1953 l'laporraprrdt
945 1858 1057 1954 χώρα.
1091 1869 1177 1931 Eam

137 1965 299 2049 ‹leseriplit
312 1965 449 2027 Diodor.
465 1964 529 2027 Sic.
544 1978 598 2038 17.
612 1976 670 2041 82.
686 1962 818 2026 nivibus
832 1964 1012 2047 obpletum,
1035 1968 1177 2031 maxima

132 2088 181 2133 ax
200 2080 291 2153 parte
310 2068 457 2150 planam,
484 2063 651 2129 arboribua
673 2063 805 2136 orbam,
831 2065 967 2131 slerilern
986 2064 1103 2133 street
1122 2070 1177 2131 tri·

138 2170 238 2243 ilem.
262 2169 297 2231 in
314 2187 380 2251 quo
400 2165 653 2231 consentientem
670 2164 768 2229 habet
782 2166 934 2231 Curtium
952 2184 985 2245 7,
1002 2185 1035 2251 3.
1051 2172 1085 2233 6.
1107 2190 1178 2256 gra·

138 2274 226 2337 viter
249 2264 313 2335 hoe
336 2270 472 2333 nomine
496 2266 684 2354 castigatum
711 2287 730 2329 u
757 2268 884 2333 clerico
907 2272 942 2333 in
968 2286 1034 2333 arte
1055 2271 1177 2335 Critice

139 2374 180 2439 P.
193 2386 230 2455 3.
245 2374 330 2439 Seut.
344 2384 377 2451 3.
393 2390 463 2455 cap.
483 2386 517 2433 2.
540 2390 573 2452 p.
588 2388 633 2432 m.
651 2376 738 2451 403.
751 2374 834 2433 'eum
851 2372 914 2434 elia
933 2374 1042 2437 omnia
1062 2372 1109 2435 iti
1129 2394 1178 2439 re·

138 2476 317 2561 periantur.
368 2473 409 2536 At
425 2473 471 2533 ita
488 2490 528 2533 ex
542 2482 687 2533 veterum
705 2471 767 2533 side
787 2474 941 2535 traditum
959 2474 1037 2547 esse,
1068 2475 1180 2538 docuit

139 2578 290 2643 Perizon.
304 2574 344 2636 td
357 2574 482 2637 Aelian.
497 2574 537 2637 V.
550 2572 594 2636 H.
607 2588 663 2641 12,
680 2584 739 2651 37.
769 2573 983 2657 Curtiumque
997 2578 1180 2639 vindicavit

138 2682 242 2743 etiam
263 2676 389 2739 ineius
411 2674 536 2737 vindic.
556 2692 589 2756 p.
612 2690 681 2739 120
699 2671 764 2756 sqq.
814 2672 868 2741 Os.
890 2677 971 2741 stem
993 2678 1179 2767 wesseling·

139 2782 182 2845 ad
196 2778 334 2845 Diodor.
347 2795 375 2841 u.
390 2777 414 2839 l.
1050 2804 1053 2809 ¹

217 2992 258 3046 et
282 2978 372 3043 aliu
389 3010 443 3027 -·
456 2968 562 3071 sed)
600 2925 1145 3055 1311111ίο111111111.1111,6.6.

225 3180 395 3263 Cophen
403 3178 423 3261 l
472 3182 524 3245 De
540 3182 631 3243 varia
649 3180 865 3249 declinatione
883 3194 918 3246 et
932 3180 1038 3247 forme
1056 3184 1181 3249 dietum

144 3286 191 3353 eli
203 3286 239 3349 in
255 3297 326 3347 not.
341 3283 411 3345 urit.
426 3302 499 3369 pag.
515 3284 601 3365 2'46.
647 3280 786 3346 Cursum
802 3283 872 3347 eine
887 3282 1105 3350 satie'rlenotat
1120 3289 1182 3351 iter

146 3386 321 3455 tluandrt
341 3387 386 3447 cie
405 3384 524 3447 ludum
544 3382 651 3449 versae
673 3385 886 3452 occidentem.
938 3387 1021 3450 Ante
1029 3389 1125 3450 enim
1138 3386 1182 3449 ed

146 3485 289 3577 'Cophen
309 3487 417 3558 venit,
449 3507 546 3569 quam
561 3487 689 3549 'Indum
711 3486 837 3572 adtigit.
889 3489 962 3552 Vid.
981 3488 1097 3553 Strabo
1123 3502 1181 3567 13·

143 3602 281 3679 puga.
302 3584 324 3651 l.
343 3588 428 3668 697.
454 3589 576 3652 Antan.
593 3599 628 3669 4,
647 3604 707 3654 uu.
721 3601 755 3651 et
772 3600 805 3667 5,
825 3608 856 3653 1.
894 3590 937 3652 Et
957 3588 1034 3652 hinc
1046 3591 1131 3656 Ptin.
1147 3588 1182 3663 6.

135 3708 211 3761 11.
227 3690 252 3757 s.
270 3705 324 3766 17.
341 3689 424 3752 Inde
437 3695 467 3767 (a
481 3690 642 3774 Cophete)
662 3689 708 3752 ad
716 3684 840 3777 flumen
854 3690 983 3764 Indum,
1010 3693 1096 3755 uude
1110 3710 1183 3777 pro·

149 3795 293 3883 peditur
307 3792 349 3853 ad
360 3790 532 3883 Hydaspen
547 3826 598 3841 -
613 3804 646 3855 et
660 3788 766 3876 r'nagie
778 3790 891 3854 diserte
909 3793 943 3865 6,
959 3791 1184 3871 13.[.111.ἱ11.

153 3896 326 3979 Cepheum
347 3892 494 3957 ultimum
506 3892 608 3987 finem
627 3894 781 3972 (indiae)
798 3905 905 3956 vocat.
941 3895 1066 3960 Arriae.
1083 3908 1117 3974 5.
1133 3898 1181 3960 iu.

152 3996 272 4079 Nysam
291 3996 375 4059 inter
394 4015 472 4059 euna
491 4011 525 4059 et
544 3996 662 4059 ludum
676 3997 783 4079 ponit.
833 3997 884 4057 De
899 4015 940 4060 eo
955 3998 996 4061 siu
1013 3998 1125 4061 Anien.
1148 4001 1183 4059 in

151 4103 327 4185 perlem.
348 4104 456 4178 1345.
484 4094 609 4163 Tertius
630 4092 721 4185 <poll
745 4094 921 4184 Hydaspen
940 4111 976 4167 et
997 4096 1184 4184 Aoesinem)
