2558 4606
174 366 236 455 2'96
442 356 607 432 uorsa
643 356 956 433 aanoautctia
1029 380 1055 457 g

178 544 345 613 Strabonis
368 558 468 607 aetate
489 543 578 621 (vid.
596 563 624 608 c.
638 544 684 622 l.)
706 544 811 630 reguli
835 543 967 627 quidam
993 540 1229 605 Britannorum
1254 566 1257 571 ·

178 646 392 736 legationibus
406 638 439 709 et
454 644 568 709 officiis
589 646 722 730 gratiam
738 645 873 731 Augusti
888 646 1014 731 adepti,
1037 636 1172 707 'donaria
1194 644 1231 705 in

180 752 344 834 Capitolio
367 748 579 817 dedicarunt,
605 762 638 811 et
660 745 795 809 insulam
816 746 913 831 ipsam
936 746 1102 811 notiorem
1125 740 1231 809 reddi·

182 854 311 917 derunt.
363 849 536 934 Vectigalia
551 862 677 910 tantum
693 848 876 934 pendebant
893 851 1050 912 mercium
1065 850 1230 930 utrimque

182 976 224 1019 ex
245 953 344 1017 Gallia
365 965 398 1014 et
421 949 587 1012 Britannia
617 965 852 1035 exportatarum
872 965 905 1015 et
926 954 1145 1019 invectarum,
1170 967 1231 1012 nec

181 1048 264 1120 tanti
287 1054 441 1136 putabant
462 1052 620 1125 Romani,
651 1066 689 1113 ut
711 1053 939 1136 praefidiorum
954 1052 1077 1114 sumtus
1098 1048 1254 1139 ferrents

182 1157 316 1236 (Strabo
335 1174 363 1217 c.
378 1156 401 1218 l.
424 1168 458 1217 et
476 1140 533 1218 lib.
552 1166 586 1219 tt.
602 1175 674 1239 pag.
691 1172 749 1237 79.
769 1153 791 1217 l.
814 1156 918 1235 115.)
968 1152 1040 1217 Post
1063 1152 1233 1239 Augustus,

184 1242 310 1344 patrem
325 1257 554 1327 aemulaturus,
576 1256 819 1340 expeditionem
829 1256 1046 1319 Britannicam
1062 1254 1233 1339 aliquoties

112 1410 115 1415 .
184 1372 366 1445 paraverat,
398 1357 450 1421 sed
472 1377 546 1420 cum
566 1360 708 1441 primum
727 1378 755 1423 a.
771 1376 805 1420 u.
822 1356 908 1439 7'19.
929 1360 963 1419 in
980 1358 1114 1419 Galliam
1130 1374 1237 1439 usque·

184 1456 364 1548 progressus
377 1460 479 1531 ellat,
506 1460 748 1547 Pannoniorum
764 1460 1034 1521 etDilmat'arum
1056 1456 1233 1549 rebellione

141 1622 144 1627 ,
187 1566 314 1633 audita,
338 1563 503 1623 confilium
517 1565 666 1625 mutavit.
691 1561 777 1639 (Dio
792 1572 854 1643 49,
873 1565 954 1640 38.)
978 1562 1077 1623 >Idem
1093 1556 1235 1623 tentarit

187 1683 216 1728 a.
240 1686 272 1728 u.
289 1679 374 1744 ¹727.
407 1656 512 1742 neque'
544 1676 654 1728 tamen
686 1677 819 1746 propter
842 1663 1010 1727 Gallorum
1034 1675 1169 1733 mutue,
1201 1656 1243 1727 et·

187 1768 276 1850 quod
288 1764 436 1826 Britanni
454 1765 575 1849 legatos
592 1766 631 1826 de
648 1784 722 1846 pace
739 1766 876 1846 petenda
893 1764 1060 1837 mtfitlent.
1086 1760 1231 1847 perfecit.

185 1869 252 1950 (id.
271 1880 329 1946 55,
343 1869 428 1944 uu.)
480 1866 575 1928 Anno
597 1867 762 1947 proximo,
788 1886 862 1927 cum
879 1867 920 1928 de
934 1868 1019 1949 pacis
1038 1866 1234 1929 conditioni·

187 1969 249 2032 bus
264 1987 333 2030 non
352 1964 566 2039 convenisset,
593 1967 713 2029 bellum
732 1966 895 2041 instruxit,
922 1966 989 2039 sed,
1003 1976 1164 2031 'retentus
1182 1968 1235 2031 Sa·

187 2071 338 2134 lassorum
363 2083 396 2131 et
423 2067 657 2132 Cantabrorum
682 2070 801 2142 turbis,
833 2070 940 2133 rediit.
970 2052 1057 2151 (Dio
1074 2082 1135 2151 55,
1153 2072 1237 2149 25.)

189 2172 258 2258 Qui
274 2173 409 2254 quidem·
427 2184 560 2233 conatus
577 2171 616 2231 ad
640 2170 803 2253 duplicem
826 2171 1067 2256 expeditionem
1090 2170 1236 2234 revocari

189 2274 331 2358 possunt.
371 2271 554 2335 Atlulatorie
570 2274 659 2334 enim
673 2274 791 2359 magia,
813 2292 909 2355 quarn
922 2293 1015 2343 vere,
1031 2268 1077 2333 ‘ab
1091 2266 1233 2359 Angullo

191 2375 367 2439 Britannos
384 2374 488 2436 victos
503 2388 537 2436 et
558 2373 696 2456 imperio
719 2376 859 2438 adiectos
876 2372 953 2457 else,
981 2376 1098 2435 lactant
1120 2374 1235 2441 Horat.

191 2476 296 2540 odarr.
314 2490 347 2556 5,
365 2486 398 2552 5,
416 2491 452 2540 u.
473 2488 506 2536 et
520 2476 632 2560 Virgil.
648 2475 767 2561 Georg.
783 2491 815 2556 5,
832 2489 890 2555 25.
909 2476 965 2538 etsr
980 2476 1019 2537 ad
1034 2496 1109 2537 eurn
1125 2477 1234 2541 locu'ur

191 2576 289 2641 etiam
322 2577 453 2640 Servius
484 2577 642 2640 adfirmat.
713 2575 839 2639 Diserte
870 2578 959 2641 enim
990 2577 1169 2641 Suetonius
1199 2577 1234 2641 iu

192 2678 330 2746 (llaurlio
349 2698 415 2760 cap.
439 2693 494 2752 17.
512 2679 658 2750 rellatur,
684 2678 751 2761 posl
767 2682 888 2741 lulium
904 2676 1068 2743 Gaesarem
1084 2681 1123 2741 ad
1139 2678 1233 2743 Clau·

191 2781 286 2843 alium
312 2781 393 2841 nulli
417 2780 615 2844 Britanniam
642 2778 734 2844 fuisse
766 2795 939 2853 tentatam,
971 2777 1235 2865 cui'suffragatur

191 2884 323 2945 Tacitus
344 2883 379 2944 in
404 2882 550 2969 Agricola
568 2902 635 2966 cap.
656 2898 712 2963 15.
733 2896 766 2946 et
784 2885 919 2967 Eutrop.
938 2898 971 2958 7,
993 2896 1048 2961 13.
1064 2879 1086 2944 s.
1102 2894 1137 2961 8.
1160 2900 1235 2945 cum

192 2982 307 3047 Orosro
325 2999 357 3060 7,
375 2985 408 3048 6.
434 2986 508 3049 vio.
519 2986 710 3048 Torrentius
723 2998 756 3047 et
769 2984 947 3049 casaubon.
964 2984 1002 3046 ad
1018 2985 1153 3048 Sueten.
1169 3006 1196 3048 c.
1211 2982 1233 3049 l.

191 3099 225 3148 et
240 3087 275 3147 in
290 3086 402 3168 primis
414 3088 581 3149 Reimarus
596 3088 636 3150 ad
651 3089 750 3150 Dion.
761 3088 819 3159 62,
834 3098 868 3167 4.
903 3086 1085 3149 lnhiaverat
1101 3087 1234 3167 quidem

190 3188 238 3249 illi
255 3184 417 3273 Caligula,
450 3186 503 3251 sed
523 3191 558 3250 iu
581 3189 681 3252 ttutrts
706 3189 802 3252 minis
822 3204 855 3251 et
874 3186 1138 3252 ostentationibus
1160 3188 1234 3251 ridi·

191 3289 272 3351 culis
285 3286 430 3352 substitit.
474 3290 549 3352 vid.
564 3291 745 3354 Sucronis
763 3294 829 3353 vita
843 3310 910 3374 cap.
925 3300 987 3370 44.
1004 3290 1065 3368 46.
1093 3290 1159 3353 Dio
1175 3290 1234 3363 60,

90 3406 93 3415 ·
193 3404 254 3455 21.
272 3403 305 3453 et
323 3402 381 3469 25.
396 3404 519 3475 praeter
532 3392 623 3457 allos.
657 3392 811 3455 Claudius
825 3393 923 3476 igitur
936 3390 1007 3472 post
1022 3391 1141 3452 Iulium
1157 3390 1234 3455 Cae·

193 3489 291 3555 sarem
308 3494 342 3554 itl
359 3512 436 3556 vere
451 3494 602 3585 perfecit,
626 3507 737 3580 gentes
760 3495 906 3567 domuit,
931 3514 1021 3578 reges
1039 3494 1141 3575 cepit,
1167 3512 1235 3576 par·

191 3600 260 3657 tem
282 3593 351 3656 eius
372 3592 514 3680 subegit,
539 3608 572 3658 et
594 3596 628 3655 in
649 3597 834 3679 provinciae
854 3594 989 3659 formant
1011 3596 1152 3681 redegit,
1185 3594 1235 3657 uti

190 3710 318 3759 narrant
333 3696 467 3759 Sueton.
483 3706 549 3779 cap.
573 3711 627 3773 ις’.
653 3698 782 3759 Tacitus
800 3700 832 3758 ln
848 3697 993 3783 Agricola
1010 3715 1077 3779 cap.
1100 3711 1156 3773 15.
1178 3707 1238 3776 14.
1256 3698 1264 3717 '

190 3797 258 3859 Dio
273 3797 334 3875 60,
355 3816 399 3877 19
417 3796 480 3880 sqq.
503 3810 536 3862 et
555 3818 636 3880 quos
657 3802 812 3882 produxit
828 3799 1035 3862 Cambdenus
1057 3800 1092 3858 in
1108 3797 1234 3859 Britan&

94 3932 97 3937 ·
189 3899 243 3959 nia
264 3916 335 3981 pag.
355 3916 398 3978 19
417 3899 458 3980 sq.
480 3935 532 3946 -
573 3888 623 3960 Illi
647 3901 845 3982 expeditioni
876 3899 906 3964 se
928 3897 1101 3962 interfuisse
1125 3896 1233 3962 scribit

188 3995 376 4062 Scribonius
405 4001 527 4085 Largus
554 4002 587 4061 in
612 3998 753 4084 compos.
776 4003 863 4066 med.
886 4022 951 4084 cap.
968 3999 1069 4083 42.s.
1095 4002 1126 4079 §.
1150 3996 1231 4079 ἰδῇ.

185 4099 236 4166 Aa
251 4101 349 4164 suam
370 4100 508 4166 Orcadas·
522 4103 673 4169 Romano
690 4104 1002 4188 imperioadiecerit',
1028 4104 1078 4165 uti
1099 4096 1231 4187 quitiam
