2558 4606
458 94 478 148 'l

575 144 580 155 D

67 366 157 451 'olo
296 388 325 457 j.
365 366 875 434 ueriunxunurrcau

31 532 52 579 ¹·
93 548 154 614 ¹filu
178 547 216 608 ad
240 564 325 641 mare
346 559 421 630 apto
439 546 492 607 hic
507 509 646 607 dubitari
664 556 816 626 nequeat.
856 536 965 609 Docetv
982 536 1018 601 id
1038 536 1139 602 etiam

34 697 37 739 3
98 649 182 717 Plin.
202 644 235 716 6.
254 644 310 713 96.
329 646 350 711 l.
368 662 427 727 25.
454 648 569 709 uhiell
587 639 875 735 Galaria-turifera
893 645 1039 729 regione.
1075 642 1141 705 Lu·

4 753 8 768 ²
99 745 311 823 nolentiffime
335 765 442 811 autem
463 751 588 813 deeius
606 749 664 810 situ
686 750 838 816 Arrianus
853 748 888 811 in
907 746 1032 829 periplo
1053 764 1086 826 p.
1103 753 1139 820 5.

98 851 170 937 (edi
185 850 309 935 Hurli.)
341 855 397 932 qui
419 871 485 912 non
510 851 611 912 [olum
633 851 815 933 emporium
832 862 926 912 voeat
948 849 990 911 in·
1006 847 1142 930 regione

99 952 246 1026 turifera,
272 952 323 1016 led
343 969 377 1015 et
399 956 485 1014 iuxta
507 954 602 1035 ponit
622 952 837 1043 inluiaq1duaa
860 934 1013 1021 d'elertae,
1039 968 1143 1013 unam

97 1059 233 1126 Avium,
259 1057 388 1118 alteram
412 1053 551 1126 Tralles,
579 1055 666 1138 [upra
685 1055 796 1120 Oau'en
816 1052 991 1123 Sabbatha,
1018 1065 1052 1113 et
1071 1052 1144 1133 post

25 1195 33 1205 =
97 1158 277 1247 §acbaliten
312 1157 430 1226 fluum,
468 1177 547 1238 quae
577 1159 637 1221 litu
666 1161 794 1240 optime
825 1153 1032 1218 consentiunt
1063 1171 1142 1217 eum

97 1252 276 1321 Ptolemaei
300 1261 483 1329 notatione,
514 1261 616 1341 quiet
638 1258 745 1323 aerina
761 1255 961 1322 occidentem
978 1254 1143 1342 subiungit

98 1361 248 1425 Arabiam
266 1361 391 1423 urbem.
433 1348 543 1424 Unum
557 1362 664 1433 renat,
689 1362 778 1444 quod
792 1361 905 1423 obiioit
919 1356 1087 1422 Salmafiua
1101 1359 1143 1420 ed

98 1463 202 1526 Solin.
219 1476 277 1541 33.
301 1459 321 1522 l.
345 1464 403 1542 36.
427 1484 460 1545 p.
476 1484 519 1543 m.
539 1462 623 1541 556.
640 1502 659 1549 ·.
675 1465 847 1527 Atramitae
867 1461 1008 1525 aPliuio
1024 1456 1060 1532 6,
1082 1474 1141 1540 52.

12 1549 15 1553 ’
99 1560 122 1626 f.
144 1573 201 1640 98.
221 1565 299 1646 poni
317 1564 352 1625 in
374 1563 566 1628 uredia'fere
588 1565 698 1628 Arabia
722 1563 823 1635 felici,
856 1564 911 1627 ubi
934 1564 1142 1628 Ptolemaeus

101 1667 135 1734 6.
151 1680 187 1740 7.
205 1665 301 1727 habet
317 1648 550 1738 Chatramitaas
563 1676 645 1754 qnpa
659 1688 677 1729 a
689 1665 830 1731 Climaoe
844 1679 957 1731 monta
972 1663 1012 1727 ad
1024 1664 1144 1728 'Sacha-

99 1767 172 1829 litaa
204 1762 526 1848 peritnunletcribtt.
586 1769 670 1850 lude.
700 1788 778 1831 vero
803 1762 1143 1851 putat-eoadem-elie

98 1869 240 1952 populna
256 1869 385 1933 diverlia
405 1871 594 1933 nominibus
613 1871 736 1939 editoe.
761 1872 811 1930 uti
833 1867 965 1952 operose
984 1869 1145 1931 adstruere

100 1973 214 2039 nititur
232 1991 265 2053 p.
281 1990 325 2033 m.
342 1979 436 2050 548.
451 1972 508 2034 ubi
523 1987 557 2034 et
571 1972 611 2033 ile
628 1973 713 2033 varia
730 1970 894 2054 scriptura,
919 1990 983 2053 qua·
997 1977 1157 2034 auctoret-

101 2092 158 2139 eoa
174 2073 321 2134 efferunt.
348 2075 387 2139 lu
404 2086 541 2155 utroque
555 2076 653 2135 etiam
668 2076 769 2135 aderit
782 2073 957 2136 Bochartua
971 2073 1007 2133 in
1022 2073 1144 2158 Phaleg
1174 2127 1177 2133 .

43 2240 46 2245 Α
100 2189 136 2243 9.
160 2191 214 2253 ¹7·
242 2193 315 2234 curn
332 2192 396 2254 quo
413 2172 771 2260 cf.-1vnchaenet}eogr.
789 2176 887 2239 Hebr.
905 2174 942 2237 P:
961 2188 996 2253 9.
1011 2176 1142 2261 p.156.

100 2276 232 2338 'Accedit
254 2274 465 2358 Geographue
484 2275 581 2337 Arabe
605 2275 702 2338 clim.
723 2299 750 2339 ι.
773 2277 810 2339 Ρ.
829 2279 862 2340 6.
890 2278 1007 2359 inquo
1030 2277 1144 2362 populi

31 2370 35 2405 ‘⁹
100 2376 360 2441 Hodhramautlr
380 2375 436 2438 loli
457 2390 626 2459 occupant,
652 2379 807 2460 quidquid
825 2391 979 2440 terrarum
1000 2381 1144 2460 utriaque
1167 2417 1169 2422 ι

98 2479 243 2561 adlignat
259 2477 470 2541 Ptolemaeus.
516 2480 650 2539 Videtur
663 2481 770 2562 itaque
790 2501 864 2542 cum
881 2481 1001 2552 Plinio.
1026 2482 1144 2563 inquo

101 2579 366 2651 chatramatitam
386 2579 530 2662 ,diversos
547 2593 691 2645 auctores
707 2579 829 2645 saturus
845 2581 920 2651 elle,
947 2585 1003 2664 qui
1019 2580 1144 2646 diverse

99 2684 243 2744 eundem
260 2683 417 2762 populum
432 2681 615 2752 efferebant,
643 2697 677 2745 et
690 2682 976 2755 Chattamitaruru.
991 2685 1045 2747 vel
1058 2687 1144 2747 Atra·

97 2766 254 2848 ¹mirarum
276 2786 364 2866 regio
388 2797 529 2865 porrecta
552 2785 595 2846 est
611 2785 649 2847 ad
671 2785 782 2848 Canen
805 2778 999 2870 emporium.
1052 2787 1145 2852 Ceto·

101 2907 175 2948 rum
192 2886 329 2947 occurrit
345 2889 440 2948 etiam
456 2888 489 2946 in
505 2887 538 2948 S.
552 2888 584 2948 S.
600 2888 685 2966 apud
700 2887 904 2949 Ezechielem
922 2904 981 2958 97,
998 2904 1059 2968 95.
1093 2891 1144 2951 De

103 2988 162 3048 situ
186 2988 343 3049 hodierno
360 2987 399 3052 cf.
419 2987 581 3072 Biilehing
604 2989 640 3050 P.
660 3001 693 3067 5.
711 2991 751 3052 T.
774 3011 802 3052 ι,
820 3010 912 3070 p..m.
930 2972 1017 3069 699.
1054 2991 1144 3052 Mun·

103 3103 175 3152 nert
196 3093 230 3150 in
247 3089 365 3174 (ieogr.
388 3079 459 3152 Vol.
477 3088 510 3154 6.
529 3090 565 3153 P.
588 3111 617 3153 1.
636 3110 668 3174 p.
690 3105 770 3172 ¹⁰5·
797 3093 919 3175 quaerit
942 3111 1043 3176 prope
1071 3091 1145 3177 Gap

99 3192 276 3257 Fortaslac.
338 3204 342 3211 ·

178 3392 362 3476 Arabia)
404 3390 560 3482 Ἀραβίας
580 3389 731 3485 ἐμπόριον
746 3397 924 3460 Homeririe
940 3396 1053 3460 tribuit
1070 3398 1145 3461 Pto·

28 3536 31 3544 ι
101 3499 241 3561 lemaeue
258 3499 292 3566 6.
312 3513 344 3568 7.
381 3498 564 3559 Homeritas
586 3493 855 3560 numernfiffimoa
876 3497 936 3561 elie
961 3497 1088 3564 Plinius
1097 3503 1143 3572 -6.

103 3615 165 3677 59.
183 3598 204 3663 l.
222 3609 280 3674 98.
296 3600 330 3660 in
345 3599 458 3663 Arabia
474 3595 558 3660 felici
576 3597 688 3668 scribit.
709 3600 810 3682 iieque
824 3591 971 3689 Moffala
984 3595 1143 3686 oppidum

104 3703 235 3771 tribuit,
272 3703 361 3782 quod
393 3701 524 3762 videtur
557 3701 724 3767 Harduino
755 3701 815 3763 elle
841 3702 1018 3766 Ptolemaei
1044 3703 1078 3772 6.
1110 3721 1142 3779 7.

103 3794 295 3874 praesule,
321 3805 393 3885 quia
413 3817 546 3883 uterque
562 3802 595 3864 iu
611 3804 849 3866 mediterraneis
865 3805 958 3876 locat,
985 3807 1144 3870 renitente

104 3907 235 3989 quidem
259 3906 401 3977 Cellario
421 3905 456 3969 iu
481 3904 599 3989 Geogr.
622 3916 686 3968 ant.
705 3919 738 3986 3,
766 3916 819 3986 14,
842 3907 902 3985 63.
954 3906 1084 3992 Nempe
1105 3928 1143 3971 ex

103 4025 312 4070 numerorum
333 4021 410 4071 nota
429 4009 532 4070 finum
557 4000 717 4071 Persicum
739 4010 774 4070 in
803 4010 989 4072 Ptolemaeo
1017 4007 1143 4093 spectat.

102 4110 155 4176 De
168 4108 355 4190 Homeritie.
371 4121 501 4182 autem
527 4129 607 4194 quoa
627 4111 711 4178 male
728 4126 769 4175 ex
789 4109 954 4176 Marciano
975 4104 1142 4181 atesim

587 4443 600 4479 Q
