2558 4606
243 365 296 423 ro
323 364 459 421 nourr.
489 364 594 419 arnt..
637 328 746 419 'L.tt1.
790 338 867 451 cst.
910 364 1007 449 oro.
1112 324 1152 440 4¹3

107 528 221 630 ansam
247 537 369 599 indicat
388 535 615 609 casaubonus,
644 536 839 599 adsentiente
863 537 971 600 Marce
990 539 1022 599 in
1043 538 1152 601 Marce

109 639 246 722 Hispan.
268 658 300 709 ι,
324 651 429 717 148.
462 641 517 721 qui
539 643 571 704 h.
595 642 627 702 S.
652 640 782 701 Nicolnr'
799 640 843 699 <le
862 638 941 701 Orio
965 640 1029 701 dici
1048 652 1151 722 puter,

109 757 147 803 ut
164 740 248 803 Orio
265 740 418 802 fluvium.
462 741 579 803 ¹Carrio
602 741 791 822 quaestionis
813 744 846 801 in
872 760 911 803 eo
930 741 1085 812 versatur,
1111 764 1152 804 en

110 832 298 933 Merrlaseus
324 843 503 903 Ptolemaei
532 844 567 903 stt
594 844 700 904 lllelae
727 841 911 923 asogrado,
949 846 996 902 uti
1024 843 1153 927 censent

110 945 268 1005 Merca-c.
292 944 313 1004 l.
352 944 584 1005 Villauovanne
604 946 643 1005 ari
666 945 805 1007 Ptolem.
829 963 855 1006 e.
879 944 900 1004 l.
954 946 1074 1027 Quodsi
1101 946 1156 1007 hic

111 1046 233 1108 slaviae
256 1044 296 1104 ab
328 1044 473 1109 Oeasone
499 1047 624 1109 duabus
657 1050 780 1107 circiter
813 1047 940 1128 magnis
971 1048 1068 1108 leucia
1095 1046 1153 1113 see.

112 1148 295 1210 Ptolemaei
349 1166 505 1210 nnmeroe
565 1163 710 1209 remotae
763 1146 844 1216 snit.
912 1166 978 1208 non
1035 1155 1155 1211 conve·
1210 1170 1214 1179 ¹

112 1251 182 1312 nire
213 1249 343 1309 videtur
373 1247 497 1310 Oeason
528 1251 601 1310 vicu
622 1249 714 1318 Orio,
755 1251 809 1330 qui
840 1268 954 1330 parum
978 1270 995 1310 a
1017 1247 1051 1313 sl.
1074 1249 1154 1314 Orio
1261 1318 1265 1323 .

115 1351 227 1420 dissat,
263 1364 425 1432 praeterea
448 1338 515 1410 non
538 1353 571 1411 in
595 1349 659 1432 ipsa
679 1371 750 1419 ora,
781 1371 874 1430 quam
891 1350 977 1410 Mela
997 1350 1155 1422 describit.

114 1453 190 1515 littae
212 1453 271 1522 est,
305 1466 337 1513 et
360 1452 546 1522 latitudine,
585 1472 651 1511 non
684 1453 905 1529 longitudine.
945 1469 981 1511 ut
1004 1453 1047 1514 est
1069 1456 1155 1536 apud

114 1555 355 1623 Ptolemaeum,
384 1554 425 1613 ab
447 1554 532 1613 illine
554 1553 647 1613 fluvii
672 1554 750 1615 ollio
774 1553 941 1633 separatur.
994 1553 1159 1618 Numeroe

116 1658 245 1719 veroin
263 1656 450 1717 Ptolemaeo
472 1669 636 1736 corruptae
651 1675 717 1715 non
733 1654 809 1723 else.
836 1656 943 1714 innuit
960 1655 1043 1717 Cori.
1058 1656 1155 1720 Paris.

115 1760 148 1819 in
164 1776 234 1839 quo·
247 1759 299 1819 ille
316 1758 431 1818 fluviae
449 1775 515 1815 non
531 1755 735 1821 vasconibus.
760 1755 808 1815 leri
830 1757 977 1818 Varcirrlie
996 1759 1156 1822 tribuitur.

117 1861 165 1920 Ex
192 1878 258 1939 quo
286 1875 425 1939 uterque
447 1856 589 1919 ‹liversue
615 1858 674 1919 elle
702 1858 841 1918 vitietur.
902 1858 1034 1919 Rectius
1063 1880 1156 1939 porro

117 1961 219 2024 Oeasu
244 1961 276 2020 lt.
297 1960 332 2019 stt
354 1958 567 2020 Forrtorrnbr'a
592 1958 610 2020 l.
629 1955 882 2020 Prinne-ltalia
906 1958 943 2016 ad
968 1957 1001 2021 ll.
1019 1959 1158 2041 Artdeyo

120 2061 140 2124 l.
167 2052 337 2152 Videsne,
374 2061 551 2123 Manlal'cne
576 2058 754 2121 Ptolemaei
783 2057 870 2119 Orio.
924 2058 975 2122 Cf.
1007 2061 1159 2123 lVlannert

117 2186 149 2245 p.
165 2186 211 2226 m.
229 2175 313 2243 555.
344 2178 376 2224 et
401 2166 457 2244 qui
479 2165 569 2243 plura
591 2165 629 2223 tle
653 2163 714 2222 huc
733 2162 831 2221 slnvio
854 2159 1022 2230 atlserrrnt,'
1050 2163 1159 2225 Marna

118 2286 143 2329 c.
161 2268 185 2329 l.
209 2280 242 2326 et
260 2264 456 2327 Olbenartue
472 2254 499 2325 c]
513 2266 533 2324 l.
554 2280 586 2333 Ω,
607 2278 639 2340 8.
661 2286 693 2345 p.
715 2264 794 2325 166.
824 2265 878 2344 qui
900 2265 996 2324 etiam
1018 2280 1102 2326 certe
1124 2267 1159 2326 iu

118 2369 238 2428 ricinia
258 2365 486 2428 Fontarralriae
503 2358 680 2427 Oeasonetn
699 2367 832 2445 quaerit.
872 2365 942 2424 Hoc
960 2386 1063 2426 unum
1080 2364 1162 2427 difli-
1187 2384 1190 2397 ¹

119 2472 276 2530 caritatem
300 2482 451 2538 moreat,
468 2457 564 2547 'quod
582 2467 665 2527 Mela
684 2466 825 2536 subiicit,
853 2467 928 2526 hinc
947 2468 986 2526 arl
1004 2467 1162 2554 Pyrenaei

120 2573 188 2655 iugi
208 2571 470 2653 promontorium
488 2569 645 2629 Varrlnloe
662 2571 831 2650 pertinere.
870 2567 961 2627 Nilril
981 2572 1067 2630 enirn
1085 2570 1164 2632 hinc

120 2671 185 2736 sere
211 2686 266 2733 ant
284 2690 402 2753 ,parum
426 2686 525 2732 terrae
548 2667 699 2750 superest.
731 2673 817 2751 qnod
842 2688 997 2752 occupare
1020 2686 1053 2732 et
1072 2668 1160 2731 habi·

120 2784 188 2835 tare
214 2761 394 2858 potuerint.
447 2773 534 2855 Quid
558 2772 579 2831 sr
605 2774 702 2857 igitur
727 2787 877 2852 putemne
902 2770 1081 2833 Oeasonenr
1101 2772 1162 2836 elle

119 2860 153 2938 lt.
172 2876 206 2936 8.
226 2873 405 2964 sebastiani
430 2860 463 2935 et
485 2875 622 2934 fluvium
647 2873 835 2957 Magradam
856 2873 888 2934 h.
913 2871 1060 2935 Urnnrea.
1113 2874 1163 2934 lta

120 2979 254 3061 quidem
278 2976 405 3037 tabulae
430 2975 576 3042 suadent.
608 2989 641 3035 et
666 2976 796 3034 adiuvat
820 2977 988 3035 auctoritas
1011 2974 1164 3045 Floriani,

123 3078 264 3160 Ocampi
279 3090 313 3140 et
327 3064 491 3146 Germani,
517 3077 569 3157 qni
586 3075 742 3137 referente
758 3071 937 3136 Oibenarto
954 3095 986 3155 p.
1003 3076 1081 3138 166.
1100 3096 1126 3138 c.
1138 3079 1161 3140 l.

122 3182 265 3250 tradunt,
286 3181 432 3262 proxime
448 3196 557 3240 muroe
576 3178 661 3240 urbis
678 3178 708 3238 S.
723 3175 900 3269 Sebost'r'nni
917 3176 1009 3237 illum
1025 3175 1163 3239 fluvium

122 3285 156 3344 in
171 3302 262 3344 mare
279 3299 455 3343 excurrere.
492 3279 589 3368 Quod
606 3281 704 3365 igitur
718 3277 860 3362 superesi,
884 3277 1038 3341 Vascones
1055 3293 1165 3340 tenue·

122 3399 208 3447 runt.
245 3382 332 3445 Nam
349 3378 579 3460 septiniano,
600 3393 656 3460 54.
674 3378 694 3443 l.
714 3371 774 3443 20ss
794 3381 965 3442 commode
984 3382 1069 3440 inter
1084 3379 1166 3443 Oea·

125 3487 235 3549 ionem
255 3498 288 3547 et
305 3485 506 3563 Pyrenaeum
529 3484 623 3564 ponit
642 3473 824 3572 Vasconum
838 3472 965 3571 saltus,
992 3497 1025 3543 et
1045 3504 1061 3543 a
1079 3482 1164 3543 Mela

123 3589 168 3651 illi
194 3587 306 3650 omitti
335 3586 389 3647 hic
419 3599 605 3670 potnerunt.
659 3584 789 3646 Sublata
811 3582 886 3645 esset
911 3581 1099 3653 difficulter,
1132 3586 1166 3653 sr,

125 3692 213 3772 qnod
249 3689 398 3750 adsumat
421 3689 562 3772 Scaliger
588 3685 643 3748 lib.
671 3706 700 3750 ι.
748 3679 892 3746 tirasona.
925 3684 1010 3746 lectt.
1038 3705 1106 3766 cap.
1131 3687 1166 3749 6.

125 3791 284 3854 Vascones
313 3809 388 3850 cnm
412 3790 581 3854 Cantabria
603 3809 620 3848 a
641 3785 770 3848 Mellala
800 3787 878 3846 victi
900 3786 933 3845 iu
959 3789 1168 3868 Aquitaniam

126 3880 328 3964 transierinu
354 3904 466 3953 itt-non
486 3891 611 3972 probat,
638 3902 671 3948 et
685 3900 866 3971 repugnant
880 3886 1005 3959 Strabo,
1032 3889 1167 3961 Plinius,
1194 3928 1202 3947 .

124 3996 356 4066 Ptolemaeus,
380 3996 434 4076 qui
456 4011 511 4057 eos
527 3994 562 4053 in
580 3989 732 4074 Hispania
748 4004 1016 4055 commemorant.
