2558 4606
230 312 443 429 rnrontr.
472 340 580 398 unt.
622 343 657 397 r..
679 342 730 398 ur.
773 343 909 404 cvm.
952 340 1029 423 to.
1090 347 1155 415 545

110 514 203 599 supra
229 510 387 583 iudicavi,
420 532 488 601 nort
503 515 580 578 urbe
598 516 701 576 solum
719 530 785 578 erat
804 516 901 587 Saba,
928 513 1037 578 sed-eo
1054 516 1150 577 etiam

112 618 249 680 nomine
275 616 497 678 continebatur
520 619 624 702 regio,
661 619 709 678 uti
731 618 774 680 esi
800 619 884 701 apud
907 619 990 679 Plio.
1013 633 1067 687 re,
1092 631 1149 696 30.

110 717 134 781 s'.
157 728 211 797 14.
236 737 315 798 quae
333 720 420 802 pagis
442 719 616 797 constabat,
643 722 675 779 in
692 719 811 801 quibus
827 723 997 781 Atramitae
1018 719 1151 781 Minaei·

110 839 174 903 que
200 832 494 881 commemorantur
518 841 535 881 a
561 823 670 882 Plinio
688 842 714 883 c.
736 821 757 885 l.
792 825 989 903 omninoque
1013 833 1171 903 quatuor.

111 941 246 1006 magnae
269 936 399 1005 gemet,
433 942 512 1001 quae
534 922 680 985 Arabiam
706 921 832 984 felicem
855 937 1001 993 tenuere,
1028 921 1149 984 aStra·

110 1021 197 1087 bone
221 1023 274 1086 16.
292 1043 323 1104 p.
340 1035 424 1101 523.
445 1021 466 1083 s.
486 1024 567 1102 768.
596 1023 760 1105 inquibus
781 1025 907 1092 Sabaei,
929 1045 1004 1086 eum
1020 1024 1149 1106 plurimi

109 1123 225 1208 populi
239 1124 277 1184 ab
295 1124 417 1193 Plinio,
445 1122 630 1192 Ptolemaeo
651 1160 705 1173 -···-
725 1125 956 1190 recenseantur.
993 1127 1066 1195 vid.
1087 1125 1150 1187 Bo·

103 1226 211 1288 chart.
230 1245 256 1285 c.
274 1226 295 1286 l.
324 1224 450 1287 Salmas.
465 1227 505 1287 ad
520 1229 621 1290 Sosin.
638 1240 695 1307 55.
712 1227 733 1290 s.
747 1230 804 1306 36.
821 1250 852 1309 p.
871 1249 914 1289 m.
932 1237 1015 1307 548.
1049 1227 1149 1310 Quod

111 1329 165 1391 ille
183 1330 320 1409 quotuor
336 1329 475 1409 populor
494 1331 628 1390 nomine
653 1326 730 1391 Seia
752 1330 934 1400 coustituit,
957 1330 1004 1391 de
1019 1347 1059 1391 eo
1081 1328 1147 1391 vid.
1222 1400 1227 1419 .

95 1449 191 1517 ¹qupt
215 1433 343 1489 monuit
362 1428 528 1491 Michaelis
545 1433 586 1492 -irr
606 1431 722 1515 Geogr.
741 1431 840 1495 Hebr.
864 1431 900 1492 P.
922 1453 950 1493 r.
968 1450 1000 1511 p.
1019 1445 1088 1508 197
1105 1428 1149 1512 sq.
1198 1446 1201 1459 ¹

111 1529 196 1593 Urbs
212 1528 275 1612 ipsa
290 1532 396 1599 monti
418 1528 478 1591 fuit
493 1533 655 1613 imposita,
683 1532 945 1616 (Agatharchides
961 1544 993 1593 et
1010 1532 1151 1595 Diodor.

93 1652 157 1697 .cc.
178 1629 233 1714 ll.)
265 1646 296 1692 at
319 1633 407 1715 regio
430 1632 492 1714 ipsa
514 1635 606 1696 latius
625 1634 751 1716 patebat
767 1654 786 1704 a
807 1634 912 1696 media
932 1633 1060 1702 Arabia,
1093 1633 1152 1693 ubi
1192 1640 1195 1651 '

110 1735 296 1803 Atramitae,
318 1734 495 1828 (Plinio,
515 1734 1023 1820 50.s.14.)3admarernbrum,
1046 1734 1149 1795 sinum
1268 1742 1271 1749 '

110 1837 282 1899 Arabicum
298 1837 449 1897 maxime.
473 1838 556 1915 tiit
571 1838 656 1899 Plio.
672 1857 699 1900 c.
714 1837 735 1897 l.
758 1834 892 1916 Dionys.
909 1857 941 1898 v.
954 1849 1038 1915 959.
1055 1853 1151 1896 exeo

110 1936 260 2007 Priscian.
283 1958 316 1999 v.
331 1949 414 2016 889.
448 1938 565 1999 Avien.
591 1959 624 2001 v.
646 1952 752 2017 1157.
786 1937 926 1999 Euslath.
950 1938 991 1997 ad
1014 1933 1169 2021 Dionys..

111 2061 145 2103 v.
162 2051 248 2118 954.
265 2035 392 2119 aliique.
426 2039 522 2120 Quod
537 2024 655 2102 Melam
673 2039 878 2121 reprehendit
891 2039 1068 2111 Bochartue
1082 2057 1109 2098 c.
1126 2036 1150 2099 1.
1238 2106 1240 2111 ¹

111 2140 221 2203 falsam
240 2141 302 2201 loci
318 2141 415 2201 huius
431 2141 665 2204 distinctionem
684 2139 808 2202 secutus
824 2141 876 2214 esi,
900 2161 960 2223 qua
980 2135 1096 2201 sublata
1111 2138 1151 2198 ad

111 2243 261 2307 ordinem
293 2240 541 2324 consensumque
569 2243 654 2304 Mela
680 2262 755 2303 cum
785 2244 853 2305 aliis
878 2226 1061 2311 revocatio,
1095 2240 1151 2322 qui

110 2362 200 2409 mare
223 2344 354 2405 rubrum
373 2345 413 2404 de
428 2344 495 2405 sinu
513 2343 645 2407 Arabico
664 2339 861 2426 potissimum
881 2345 935 2409 hic
955 2343 1150 2426 intelligunt.

110 2449 162 2511 An
189 2445 289 2506 iidem
315 2437 466 2520 (Sabaei)
492 2445 571 2506 dicti
600 2442 720 2507 suerint
744 2446 947 2516 Homeritae,
979 2445 1151 2525 quaeritur.

113 2549 295 2612 Adfirmant
316 2547 348 2606 id
369 2543 499 2628 quidem
523 2546 760 2630 Philodorgiue·
777 2548 811 2608 in
837 2548 907 2610 hist.
930 2545 1036 2627 eccles.
1060 2561 1092 2616 Ω,
1116 2544 1152 2607 6.
1244 2528 1247 2537 ¹

112 2632 150 2729 ⁴5,
170 2659 206 2727 4.
228 2648 360 2728 aliique,
392 2665 473 2726 quos
493 2649 640 2728 producit
656 2647 832 2709 Bochartue
854 2649 886 2708 in
905 2649 1025 2731 Phaleg
1042 2657 1163 2727 2,<15.,

114 2742 259 2820 ΡΙίηἰιιὲ,
287 2751 507 2818 Ptolemaeus,
535 2751 683 2811 Arrianus
696 2750 813 2829 aliique
828 2749 1035 2832 distinguunt.
1070 2746 1154 2809 arti

115 2853 237 2914 sactum
264 2851 325 2921 est,
362 2849 402 2910 de
428 2849 653 2931 posterioribus
679 2849 878 2933 temporibus
904 2852 1002 2920 valet,
1038 2848 1156 2930 quibua
1228 2843 1231 2850 ’

116 2938 213 3017 latine
229 2951 332 3013 diffusi
347 2952 524 3014 vicinarum
545 2953 693 3035 gentium
713 2949 996 3033 priscumnomen‘
1009 2949 1156 3011 aboleve-

118 3069 213 3126 runt,
239 3057 288 3115 uti
302 3052 458 3117 existimat
472 3053 620 3115 Bocbart.
637 3074 664 3116 c.
680 3054 701 3114 l.
729 3072 801 3115 curn
816 3071 880 3134 quo
896 3050 1052 3113 consentit
1069 3037 1102 3110 in
1115 3066 1156 3110 eo

119 3149 243 3219 Ludosf
259 3157 293 3217 iu
316 3169 491 3217 comment.
518 3154 589 3217 hist.
612 3155 762 3236 Aethiop.
786 3176 813 3225 r,
833 3171 892 3221 oo.
910 3168 943 3229 5.
965 3174 996 3234 p.
1015 3155 1073 3230 64.
1100 3150 1157 3232 qui

121 3259 221 3322 credit
243 3271 419 3340 praeterea,
453 3256 515 3317 sive
533 3275 638 3318 errore
657 3257 802 3319 Plinium
817 3257 957 3338 aliosque
978 3249 1158 3320 distinxisse,
1230 3302 1237 3317 .

121 3363 187 3424 sive
202 3361 336 3424 Sabaeos
352 3360 390 3418 de
406 3357 492 3420 urbis
507 3372 633 3418 tantum
653 3357 764 3419 incolis
782 3356 910 3426 dixisse,
941 3356 1027 3438 quod
1051 3369 1165 3439 tamenx

122 3465 190 3526 loca
206 3475 391 3531 auctorum,
413 3459 511 3520 Plinii
527 3463 683 3529 maxime,
709 3461 920 3525 convincunt.
964 3454 1014 3519 ils.
1031 3452 1157 3543 Salmas.

123 3565 163 3628 ad
181 3565 282 3627 Sosin.
300 3560 395 3640 33·ss
415 3562 472 3640 56.
485 3583 517 3644 p.
535 3581 578 3624 ru.
594 3573 677 3638 555.
712 3558 893 3621 Holstenius
910 3559 947 3619 ad
963 3557 1161 3639 Stephanum

62 3704 68 3721 .
94 3651 97 3657 ⁵
124 3689 158 3750 p.
176 3678 260 3744 235.
278 3664 357 3726 etin
370 3662 669 3745 primieBerkeline
688 3683 719 3743 p.
736 3663 820 3738 614.
875 3654 1162 3744 Regionemsuill'e

126 3741 1211 3863 turpferam,util'sinirre12,3o.s.14.vocat,iarusnpra‘
1225 3816 1230 3829 .

127 3882 280 3935 notatum
298 3866 350 3932 eli
387 3856 763 3956 HincSasroeitrnifetr',
760 3857 1017 3957 Sabartjlnes,
1027 3861 1169 3944 myrrlrd,
1255 3904 1258 3913 ,

127 3972 223 4041 odor,
246 3989 315 4040 ros,
339 3967 474 4050 quaein
490 3966 621 4030 Gesneri
643 3964 788 4029 thesauro
810 3963 961 4050 prostant.
1003 3964 1056 4026 Sic
1079 3981 1164 4044 prae·

128 4088 215 4177 terea
241 4067 397 4135 moneam
421 4066 611 4137 medicamen
637 4068 792 4145 Prudens.
817 4066 1000 4133 Cathemer.
1025 4085 1081 4137 ro,
1106 4076 1201 4141 ξμ.ι
