2558 4606
110 417 114 427 =
183 395 243 460 152
451 380 610 447 noran
655 382 966 442 nxnenrrcrn
1072 399 1074 403 η

185 557 261 625 Pon
289 559 386 622 etiam
419 572 559 640 partem,
597 576 677 640 quaa
708 576 747 621 ex
771 553 886 621 indico
912 558 993 621 marl
1018 557 1053 621 ln
1079 556 1232 644 Calpium

188 663 311 747 vergit,
341 660 557 721 Macedonum
574 661 669 721 armis
689 642 939 746 permulgatam,
973 656 1107 725 Seleuco
1123 674 1158 723 et
1170 664 1233 727 An·

189 764 301 827 tiocho
317 761 540 846 regnantibue,
567 762 623 843 qui
645 775 677 822 et
691 762 854 823 Seleucida
871 777 965 845 atque
980 762 1173 826 Antiochida
1193 762 1234 826 ab

189 866 262 951 ipfia
278 862 427 947 adpellari
449 862 600 932 voluere,
626 860 722 924 refert
740 864 824 926 l’lin.
844 878 876 934 n,
896 866 955 940 67.
1015 866 1057 928 tt
1082 866 1156 949 plna
1178 864 1241 930 illle¹

192 967 222 1031 le
244 965 355 1027 vidille
382 963 531 1034 iactabat,
556 980 655 1046 quam
673 965 785 1027 videre
811 979 969 1049 potuerat.
1020 966 1117 1050 Quod
1143 980 1235 1051 putat

190 1068 376 1131 Harduinua
395 1067 432 1127 ari
448 1065 532 1129 Plin.
550 1068 583 1136 6,
604 1064 697 1142 15.l.
720 1078 773 1144 13.
796 1066 915 1151 Volgae
932 1065 1046 1153 (itha)
1064 1066 1099 1131 il.
1116 1068 1234 1132 ollium

152 1188 157 1197 ’
192 1168 313 1234 lictum
351 1167 518 1253 angustum
558 1167 711 1238 credidit,
757 1188 823 1250 qno
858 1167 887 1231 le
918 1170 1106 1247 Scythicum
1136 1182 1234 1235 'mare

96 1315 98 1318 ψ
192 1271 213 1336 l.
232 1270 486 1354 septemtrionale
500 1271 534 1329 in
551 1267 699 1350 Caspium
716 1268 906 1335 effunderet.
941 1272 1138 1355 Diligentlur
1153 1272 1236 1337 hanc

192 1387 341 1437 veterum
362 1372 551 1453 opinionem
569 1373 700 1452 eiusque
722 1371 880 1456 originem
897 1364 1029 1437 excuffit
1043 1370 1175 1439 Peuzel.
1194 1374 1235 1439 ad
1266 1410 1270 1421 ι

192 1474 339 1540 Strabon.
364 1474 405 1536 Τ.
429 1491 459 1535 t.
477 1491 551 1558 pag.
573 1482 656 1553 542.
709 1472 793 1535 Cum
819 1487 944 1536 veteres
970 1488 1138 1557 utramque
1164 1478 1236 1539 elue

193 1596 282 1641 oram
308 1576 460 1645 adierint,
493 1590 527 1636 et
555 1576 595 1635 ad
624 1573 743 1659 Volgae
774 1574 888 1637 ollium
915 1570 1010 1637 certe¹
1026 1580 1234 1658 penetrarint,

142 1680 145 1685 '
193 1677 369 1760 diserteque
389 1674 503 1750 ollium
526 1673 597 1737 latis
618 1677 717 1737 latum
738 1680 995 1739 commemorent
1012 1698 1085 1739 curn
1110 1680 1260 1750 accolie.'

193 1793 287 1863 putat
309 1778 423 1842 ollium
448 1795 505 1838 eoa
526 1775 671 1858 profecto
693 1775 815 1840 vidille.
867 1779 1009 1861 siquis,
1042 1780 1135 1860 quale
1154 1759 1236 1843 illud

193 1881 240 1952 sn,
265 1893 403 1964 quaerat,
429 1891 493 1948 aut.
519 1877 560 1939 lic
579 1879 632 1941 ille
649 1897 756 1961 porro,
784 1880 933 1951 orientia,
958 1881 1082 1963 inquit,
1108 1881 1236 1957 hiberni

105 2061 108 2065 y
193 1985 277 2046 latua
295 1979 430 2045 cohaesit
450 1978 531 2043 olim
547 2000 620 2041 cum
637 1981 708 2041 lacu
727 1980 822 2052 Anni,
840 2002 948 2065 'quem
970 1982 1091 2044 Oceani
1113 1998 1235 2066 partem

194 2084 382 2154 credebant,
418 2082 550 2162 eiusque
576 2083 691 2145 canalia
721 2101 808 2145 nunc
834 2082 877 2147 est
903 2083 1087 2156 exficcatua,
1121 2084 1178 2147 aut
1202 2086 1236 2149 in

193 2186 281 2249 exitu
313 2184 432 2267 volgae
466 2194 609 2244 errarunt
641 2194 674 2244 et
705 2202 765 2265 pro
799 2200 887 2265 parte
923 2185 1017 2246 maria
1040 2184 1235 2250 habuerunt.

191 2280 351 2351 Posterius
366 2283 498 2365 probat,
523 2303 596 2345 cum
614 2285 713 2367 priori
729 2283 901 2375 sententiae
919 2276 1042 2349 obllen't
1063 2296 1236 2351 montanae

69 2371 73 2383 l
165 2390 279 2451 -iuter
300 2386 372 2449 Aral
395 2399 428 2447 et
456 2378 543 2447 strare
566 2384 714 2467 Caspium
744 2389 903 2473 regiones.
964 2390 1003 2449 At
1024 2387 1237 2462 adblanditur‚

193 2490 281 2574 quud
296 2503 419 2550 veteres
434 2506 508 2548 cum
526 2486 611 2548 Mela
629 2489 772 2549 laxarten
789 2488 838 2566 (h.
858 2489 907 2552 Sit
923 2490 1036 2567 Darja)
1056 2491 1090 2550 in
1108 2491 1236 2571 Scythi

194 2591 380 2656 cum'huiue
396 2590 490 2650 marie
507 2587 609 2648 finum
631 2589 781 2659 educunt,
803 2591 890 2652 uncle
906 2592 940 2650 in
958 2591 1008 2652 hie
1024 2593 1115 2654 te'rrle
1128 2612 1237 2655 rerum

195 2690 361 2760 'conversio
382 2689 523 2751 accidilie
544 2690 683 2752 videtur.
736 2690 805 2752 Nec
827 2694 927 2776 magii
944 2696 1138 2757 recentiores
1162 2714 1237 2759 con·

195 2790 359 2861 lentiunt.=
399 2792 540 2875 Quidem
557 2792 645 2855 enirn
664 2804 881 2853 commeatum
899 2795 967 2854 eius
987 2815 1059 2855 curn
1078 2795 1150 2859 'aliia
1166 2802 1238 2880 pro·

72 2969 75 2975 Ι
194 2895 280 2957 bant.
324 2896 371 2954 Ita
393 2893 494 2954 Pallae
518 2891 632 2976 (lleile
656 2893 757 2953 durch
778 2893 832 2954 dar
846 2891 1008 2957 lluffilche
1023 2885 1125 2971 Reiclr
1142 2899 1186 2961 T.
1203 2912 1234 2979 5.

195 3018 226 3080 p.
243 2982 314 3076 569
332 2992 416 3076 sqq.)
441 2992 627 3076 inspicatur,
654 3013 727 3055 cum
752 2995 859 3056 Ponto
878 2998 1005 3056 Euxino
1023 2997 1236 3063 coniunctum

195 3098 300 3168 inille,
335 3098 430 3176 idque
451 3095 593 3176 pluribus
615 3097 764 3158 evincere
782 3097 906 3160 nititur.
956 3096 1045 3158 Tum
1059 3118 1140 3162 vero
1159 3102 1233 3163 Don

190 3200 227 3264 'et
254 3199 386 3282 Volgam
411 3196 529 3257 fluvios
554 3198 696 3276 (Tanain
720 3210 753 3256 et
775 3197 866 3278 lilia)
892 3198 950 3260 alia
974 3197 1049 3261 ollio
1081 3198 1233 3273 habuille‚

194 3303 283 3363 hunc
305 3297 370 3360 lere
389 3298 469 3358 circa
492 3288 696 3389 Dmitrefrl.
729 3298 877 3360 illumin
902 3298 1086 3364 confluente
1108 3286 1232 3381 Drance}

194 3403 283 3487 quod
308 3402 455 3482 adparere
485 3399 564 3459 dicit
580 3418 630 3461 -ex
656 3399 814 3464 hodierno
840 3401 897 3463 situ
926 3402 1102 3465 excellioria
1121 3417 1230 3467 terrae.

194 3503 287 3585 (Vid.
303 3523 334 3585 p.
347 3501 454 3578 575.)
492 3501 592 3562 Aliter
607 3501 820 3574 Saureboeul,
843 3501 971 3581 (Reilen
988 3504 1029 3565 T.
1044 3524 1072 3566 r.
1089 3524 1123 3586 p.
1137 3508 1233 3587 aga.)

172 3609 249 3689 ·qui
274 3614 364 3687 putat
389 3613 444 3683 per
471 3601 596 3662 hiatum
620 3622 721 3685 prope
753 3604 917 3666 Astarabad
949 3606 984 3664 in
1017 3604 1231 3679 Malanderau‚

194 3706 327 3770 Persidis
357 3703 538 3788 provincia,
573 3722 647 3763 cum
675 3705 741 3765 linu
768 3705 892 3769 Persico
919 3692 1104 3793 cohaerere,
1144 3712 1230 3795 quod

167 3834 172 3840 ·
192 3810 323 3892 quidem
347 3804 491 3867 credatur
511 3818 545 3894 et
562 3806 720 3868 uideatur.
735 3854 742 3862 .
760 3808 810 3868 De
831 3809 886 3870 illo
908 3809 1015 3879 hiatu,
1037 3811 1072 3881 in
1089 3816 1188 3893 quem
1203 3808 1231 3873 le

186 3909 394 3995 praecipitet,
420 3907 512 3968 unde
535 3905 639 3967 subter
660 3920 787 3970 montes
813 3908 1031 3980 absorbeatur.
1060 3925 1136 3973 aute
1156 3930 1228 3977 eum

181 4008 381 4086 ‚temserunt
391 4006 535 4073 Olearina
549 4027 576 4072 c.
586 4008 615 4075 1.,
636 4009 793 4096 Denique,
811 4014 1063 4098 qundoquidem
1077 4016 1227 4102 coguopi,
1250 4046 1268 4081 .:·
