2556 4606
151 355 155 361 ·
185 347 262 418 ,554
468 336 631 399 uorur
671 333 1003 395 oxeeerroue·
1107 352 1114 417 J

201 527 234 587 et
255 510 502 593 rotariorum
536 509 643 576 iollam
660 510 748 574 euim
765 511 804 573 ed
826 510 922 574 mario
937 507 1110 599 alueum-l.
1129 511 1249 579 fretum

200 615 311 678 referri
336 635 404 679 nou
427 614 522 701 polle.
566 611 636 698 lpse
660 614 795 694 ulterius
818 613 918 699 igitur
940 614 1043 686 locet.
1069 614 1129 678 ubi
1148 615 1248 681 hodie

198 719 339 785 Amore.

146 942 165 973 ·.
264 913 486 1039 Arsinoe)
466 917 646 1006 )Gr.’A
651 915 778 1012 ρσινόη,
804 921 891 984 unde
913 917 1127 1009 'Aqotooirqrt
1152 892 1248 1009 'Apor-

202 1013 305 1099 νοεῦς.
343 1025 415 1088 Hoc
430 1026 564 1088 nomine
581 1026 702 1088 multoe
717 1025 812 1087 urbes
828 1021 1034 1107 proferuntur
1048 1043 1065 1084 u
1081 1022 1245 1107 Stephano

190 1141 237 1195 ,et
253 1125 388 1193 Ortelio
427 1128 571 1190 Fuerunt
585 1147 625 1209 epo
638 1128 677 1190 iio
695 1127 776 1190 duae
792 1127 831 1188 ad
845 1126 948 1187 linum
963 1124 1150 1197 Arabicum,
1168 1144 1246 1207 queo

204 1226 363 1317 coufundi
384 1247 454 1289 non
480 1228 610 1293 debent.
661 1230 733 1291 Una
757 1229 813 1291 lita
836 1225 899 1289 fuit
920 1245 1022 1310 prope
1035 1226 1246 1310 Heroopolrn

202 1320 292 1391 iuxta
313 1331 473 1400 conulem,
504 1332 559 1412 qui
581 1331 620 1392 od
640 1349 711 1392 erm
726 1332 759 1393 iu
778 1332 882 1392 linum
897 1328 1068 1391 Arabicum
1083 1327 1244 1391 effluebat.

201 1431 275 1493 vid.
293 1431 407 1513 Strabo
427 1446 484 1506 17.
508 1453 540 1515 p.
559 1444 644 1512 553.
663 1430 686 1495 i.
702 1441 787 1513 804.
820 1433 875 1514 qui
896 1432 936 1493 ab
958 1431 1027 1493 aliie
1041 1429 1245 1515 cleopatride

202 1533 340 1596 eundem
355 1533 419 1603 dici
433 1534 533 1602 addit.
561 1535 656 1597 Forte
671 1553 792 1597 nomeu
807 1535 970 1615 antiquius
982 1533 1127 1595 mutavit
1139 1531 1245 1597 Ptole·

203 1654 313 1697 maeue
327 1632 577 1718 Philadelphus,
603 1655 676 1699 eum
692 1635 806 1707 urbem
823 1633 1029 1705 instaurallet,
1056 1645 1092 1696 et
1107 1653 1125 1695 r
1142 1632 1243 1696 iorore

202 1735 357 1799 Atliuoeu
382 1736 570 1818 adpellevit.
604 1737 690 1818 quod
719 1733 894 1807 Pttntueti.
918 1750 977 1815 33.
999 1733 1021 1796 i.
1040 1751 1101 1815 99.
1126 1732 1242 1797 suadet.

186 1837 324 1907 ,Hine'
313 1859 349 1899 ru
371 1840 448 1901 aetio
467 1839 594 1901 concilii
614 1839 768 1922 Ephelini
790 1838 919 1924 secundi
941 1839 1055 1899 Latine
1074 1837 1172 1899 veriie
1194 1857 1240 1899 ao.

185 1948 292 2032 Ἰ449.
317 1938 518 2018 coopertis,
544 1960 625 2023 quoe
642 1953 673 2002 et
687 1937 831 2034 Arsinoe.
866 1937 1103 2004 APelusroillu
1117 1938 1242 2003 diliebat

71 2044 81 2084 ἰ
210 2039 346 2119 ι95Μ.
367 2039 417 2105 P.
428 2041 532 2118 (Plio.
552 2053 585 2119 5.
612 2057 668 2105 ι9.
690 2040 712 2106 s.
733 2044 866 2120 rr.)et
888 2055 1011 2105 treeeo
1034 2040 1168 2103 viaeob
1189 2041 1240 2103 Ae·

203 2144 319 2226 gyptio
339 2144 421 2205 mari
435 2143 620 2214 ducebant.
649 2163 726 2225 quae
748 2142 895 2206 describit
911 2141 995 2205 Plio.
1012 2143 1047 2212 6.
1070 2154 1132 2223 93.
1148 2140 1170 2206 i.
1186 2157 1239 2222 99

204 2243 254 2308 Ab
276 2262 312 2304 ea
327 2242 572 2326 Agatharchides
593 2245 677 2307 linuo
690 2245 814 2307 Arabici
830 2265 902 2308 orae
919 2245 1047 2307 dextrae
1055 2241 1240 2326 descriptio·

204 2363 281 2429 uem
304 2345 438 2407 orditur.
477 2348 528 2407 De
548 2349 683 2408 numine
698 2359 730 2410 et
753 2346 812 2408 suu
835 2349 1033 2429 diepututur.
1059 2344 1135 2410 Vid.
1152 2346 1239 2407 d’·Au

180 2423 282 2513 =,'ville
300 2445 512 2511 Memotrest
508 2467 547 2508 ur
565 2449 585 2508 l’
595 2450 722 2534 Egypte
737 2468 808 2533 pag.
827 2447 929 2526 9941
925 2469 956 2530 q.
988 2447 1154 2528 Voluey
1129 2446 1239 2511 helien

203 2548 245 2613 T.
262 2568 291 2610 ι.
307 2568 339 2629 p.
356 2549 435 2613 166.
463 2548 611 2610 Niebuhr
624 2549 717 2613 Retio
733 2551 813 2613 nach
829 2550 964 2612 Arebien
980 2547 1098 2613 v01..1
1115 2559 1237 2633 9918

79 2706 82 2711 .
203 2668 293 2731 quae.
317 2644 389 2711 cum
405 2652 550 2732 proxime
566 2655 604 2713 ad
620 2652 740 2713 Melam
754 2672 820 2714 non
836 2650 961 2721 faciant.
983 2648 1105 2715 consuli
1117 2650 1239 2734 poliunt

203 2753 365 2818 omniuo..
400 2750 452 2815 cf.
475 2755 572 2813 etiam
590 2755 692 2816 Bolon
708 2773 780 2838 pag.
805 2769 884 2830 ¹32·
909 2753 1087 2815 Theveuot
1109 2773 1144 2837 p.
1161 2763 1238 2834 335.

183 2852 315 2921 ‚Nostra
340 2853 419 2923 haee
443 2855 477 2915 in
504 2855 676 2937 Aethiopia
706 2853 760 2916 sub
787 2856 935 2938 Aegypto
956 2858 990 2915 in
1013 2854 1152 2919 Adulico
1175 2856 1238 2917 [iou

204 2970 475 3021 commemoratur
507 2975 524 3015 a
555 2956 744 3019 Ptolemaeo
767 2965 803 3035 4,
826 2973 860 3032 7.
895 2969 928 3019 et
954 2954 1086 3017 videtur
1110 2956 1173 3021 otte
1194 2976 1238 3025 er.

181 3118 186 3125 ,
203 3077 298 3138 quam
314 3059 347 3116 iu
364 3058 593 3140 Troglodytica
615 3060 709 3140 ponit
725 3059 918 3140 Stephanus.
952 3056 1101 3119 Eandem
1117 3059 1238 3123 tertiam
1259 3090 1263 3097 ·

204 3152 264 3245 elle
283 3159 381 3225 Plinii
399 3159 581 3220 Berenicen
608 3160 754 3240 Epidires
779 3161 1057 3243 cognominatam,
1090 3180 1188 3243 quem
1207 3160 1238 3219 iu

79 3326 96 3353 ·.
196 3260 314 3331 ‚eadem
331 3261 464 3342 regione
480 3262 517 3320 ed
535 3259 639 3324 fauces
653 3261 741 3322 rubri
755 3263 850 3323 marie
865 3263 900 3322 in
921 3262 1045 3323 cervice
1058 3261 1157 3348 longe
1172 3278 1237 3346 pro·

181 3375 349 3425 eurrente
385 3360 473 3422 fitam
500 3359 590 3425 iuilie
617 3361 747 3432 scribit.
775 3376 866 3444 putot
894 3362 1101 3442 Cellariueq.
1129 3384 1162 3436 ι.
1185 3363 1235 3427 16.
1275 3353 1278 3372 ⁴

203 3482 235 3544 p.
260 3484 303 3523 m.
324 3473 409 3540 837.
435 3494 438 3499 ·
463 3465 554 3524 Idem
575 3466 615 3525 de
630 3465 736 3527 Plinio
757 3464 797 3525 ad
817 3484 843 3529 c.
863 3464 886 3527 l.
907 3464 1038 3551 videtur
1060 3464 1233 3533 Hurduiuu

202 3566 257 3642 qui
279 3567 375 3625 etiam
397 3565 552 3627 Arliuoeu
572 3585 643 3626 eam
664 3565 724 3629 elle
747 3567 833 3647 apud
853 3565 1001 3641 strabon.
1023 3566 1079 3641 16.
1104 3586 1139 3649 p.
1155 3581 1232 3647 599.

202 3663 225 3727 s.
243 3667 325 3748 769.
345 3683 378 3727 et
391 3667 612 3729 Ptolemaeum
627 3653 663 3746 4.
681 3682 714 3743 7.
735 3667 911 3731 arbitratur.
938 3667 1034 3750 Apud
1047 3666 1233 3733 Strabonem
1266 3748 1271 3753 Ι

176 3778 308 3826 ..tameo
332 3767 496 3834 manifesto
518 3787 623 3829 errore
638 3768 773 3836 Arsinoe
794 3768 864 3851 post
877 3769 1230 3853 Philoteramponitur.
1256 3758 1272 3809 ⁴

201 3870 249 3925 uti
266 3869 385 3948 relique
404 3872 537 3938 dotent.
563 3884 596 3932 et
615 3872 825 3954 intelligenda
846 3870 889 3932 eil
904 3867 1047 3951 superior
1060 3889 1163 3955 prqpe
1174 3871 1239 3933 He*

191 3971 366 4047 roopolin.
392 3972 441 4035 At
456 3971 542 4049 Mela
557 3970 713 4035 Arsrnoeu
731 3970 844 4035 diserte
859 3992 877 4034 a
891 3972 1100 4035 Berenice-in
1113 3971 1170 4035 hro
1183 3987 1228 4033 ort

199 4068 379 4155 distinguit.
420 4085 454 4135 et
477 4071 518 4134 lie
548 4073 642 4157 pluro
665 4072 816 4147 affinio
839 4071 943 4139 nostre
967 4073 1108 4149 Atheon,
1129 4066 1226 4155 omilin
1255 4155 1257 4158 ¹
