2558 4606
208 334 264 395 rtt
290 335 431 397 rom.
460 336 570 397 otu..
593 336 650 403 la
671 336 862 405 miz-icet·
903 335 983 407 51.
1062 352 1128 415 are

66 508 151 581 Ideo
168 527 240 573 non
256 509 430 574 dubitarim
449 508 561 575 felium
582 510 659 582 elle,
683 512 991 595 quod-Pomponiue
1005 513 1047 578 de
1063 512 1125 579 litu

67 613 215 675 tradidit.
268 610 353 675 Nam
378 614 435 696 ipli
460 616 557 685 etiam
581 614 769 681 Ptolemaeo
795 615 876 677 ultra
908 630 955 690 70
981 617 1121 699 gradum

67 714 298 777 declinationis
323 714 363 777 eb
395 729 564 797 aequatura
588 734 665 779 nou
692 734 842 801 vergunt.
911 716 1121 803 Quemquam

66 808 274 889 yeuffimum
306 816 367 887 est,
404 817 602 900 consequent
629 818 710 891 elle,
743 833 779 879 ut
806 820 829 883 6
853 818 1015 881 menfibue
1049 818 1121 881 diee

65 916 164 983 duret
178 916 248 987 hie,
274 920 332 999 qui
352 916 408 979 lob
424 921 501 1001 polo
515 934 661 1005 agerent,
689 920 796 985 stillio,
812 921 1006 984 commodus
1024 920 1119 983 locue

64 1016 277 1093 hebitatiouie
296 1014 398 1091 foret.
425 1034 458 1083 et
478 1042 497 1085 e
515 1023 647 1105 regione
665 1023 687 1087 6
704 1022 861 1085 meusium
881 1042 957 1084 nox.
1010 1018 1114 1085 Causa

64 1120 129 1193 eu,
164 1123 250 1203 quod
276 1122 514 1203 aequinoctialie
541 1123 678 1186 horizon
705 1123 749 1187 eu
775 1125 942 1207 polorum.
981 1123 1034 1185 hic
1059 1142 1115 1185 au·

64 1232 134 1295 tem
159 1240 218 1305 pet
243 1220 387 1303 primum
410 1224 543 1309 gradum
567 1224 673 1287 erietie
700 1239 734 1285 et
762 1226 943 1305 obpoiitum
971 1227 1115 1308 prlraum

61 1324 202 1409 gradum
219 1323 320 1387 librae
332 1327 490 1407 procurrit
500 1327 660 1389 maximoe
674 1327 840 1409 parallelus
853 1329 1114 1411 cognominetur.

62 1426 217 1513 Intelligo
234 1440 343 1489 autem
362 1427 472 1510 polee,
501 1446 543 1490 ne
564 1430 636 1510 quie
659 1428 765 1491 obiter
780 1428 866 1489 aliud
883 1427 1011 1498 sentiat,
1045 1430 1112 1491 duo

60 1526 116 1590 illa
139 1528 176 1589 in
190 1528 402 1593 ¹druiarnento
423 1530 484 1593 lixa
497 1532 695 1612 immotoque
717 1545 834 1611 puncta
852 1548 944 1591 axem
962 1527 1110 1611 lphaeree

61 1628 288 1701 terminantia.
326 1631 365 1693 ad
401 1650 483 1713 quoe
508 1632 684 1716 circumagi
716 1633 877 1697 mundum
907 1645 940 1694 et
970 1631 1110 1693 lidorum

62 1733 208 1795 tardiora
227 1730 288 1794 elie
301 1748 381 1803 ooe',
412 1732 595 1796 Adronomi
618 1732 792 1805 tradidere,
819 1752 861 1796 ue
881 1736 954 1816 quie
972 1734 1109 1795 circulor

60 1852 116 1897 rue
134 1834 315 1918 intelligere
336 1844 429 1917 putet
444 1854 520 1897 curn
537 1836 685 1906 Varrone,
707 1836 775 1917 qui,
797 1848 835 1897 ut
852 1834 976 1898 Gelliue
994 1848 1026 1915 5,
1050 1818 1117 1899 ro.¹

60 1933 189 2009 scribit,
222 1929 333 2001 πόλου
349 1937 484 1999 circulor
500 1940 645 2008 vocavit,
676 1940 731 2019 qni
752 1939 786 1999 in
808 1936 935 2019 sphaere
950 1934 1108 2024 κρικωτῆ,

59 2035 124 2099 hoc
138 2036 184 2101 eo
198 2035 333 2120 pertula,
362 2038 427 2101 lite
447 2040 540 2122 plana
555 2039 657 2101 videri
677 2044 735 2103 vix
754 2046 880 2122 queant,
902 2040 993 2103 velut
1006 2038 1109 2103 hodie

58 2139 92 2201 iu
112 2139 354 2202 astrolabiorum
382 2139 600 2205 instrumenti·
618 2142 749 2203 minimi
773 2142 910 2223 paralleli
932 2152 1108 2203 cernuntur

60 2243 141 2311 eirca
165 2255 324 2326 puuctum
348 2242 475 2311 zenitlr,
507 2261 589 2324 quoe
611 2242 771 2305 orbiculos
793 2243 960 2305 Vitruvius
978 2258 1108 2343 quoque
1240 2256 1242 2261 '

57 2334 116 2406 lib.
115 2361 170 2425 9.
204 2342 374 2407 nGruecie
398 2337 522 2418 πόλους
542 2345 699 2407 nominari
725 2344 839 2416 tradit;
871 2324 1106 2431 recentioribu'e

58 2463 127 2507 uon
145 2439 223 2528 ipsa
246 2446 412 2507 cardinum
438 2463 573 2527 puncta,
608 2446 669 2509 hoc
692 2444 736 2508 eli
757 2446 978 2528 parallelorum
998 2459 1108 2511 centra

58 2546 328 2631 intelligentibue.
379 2547 503 2610 Pliniue
523 2565 651 2630 quoque
674 2538 731 2632 [4.
750 2549 809 2611 26.
825 2545 923 2611 dio.
932 2541 983 2633 ]'
973 2569 1009 2609 m
1031 2546 1104 2633 ean}

59 2650 137 2711 dem
164 2646 354 2710 sententium
380 2649 420 2709 lic
446 2647 558 2710 habet:
593 2646 647 2709 lbi
673 2649 844 2711 creduntur
872 2639 982 2737 effi
957 2642 1105 2711 cardines

59 2748 174 2819 muudi
193 2750 384 2831 extremique
394 2746 537 2840 fiderum
560 2748 716 2822 ambitust
741 2742 889 2843 semestri
905 2748 973 2811 luce
987 2761 1019 2811 et
1035 2738 1103 2811 unu

57 2850 109 2913 die
124 2849 209 2913 Solis
225 2846 345 2941 averse,
370 2865 407 2913 ut
422 2872 486 2913 riou
509 2852 538 2931 (
530 2867 573 2913 rtu
591 2853 688 2914 etiam
706 2853 828 2915 verbe
818 2852 953 2913 invertit
967 2836 1107 2935 Ηεῐᾶᾳίο,

58 2970 140 3025 oue;
167 2952 267 3037 vulgo
289 2971 355 3015 uon
378 2965 415 3013 ut
431 2956 499 3031 -)
519 2954 661 3032 imperiti
681 2950 803 3022 dixere,
838 2950 1106 3068 abaequinoctio

58 3074 159 3117 neruo
175 3056 209 3116 iu
232 3067 448 3127 auctumnurn.
482 3054 581 3117 samu
604 3057 637 3115 iu
653 3074 739 3116 artico
749 3043 892 3144 solstitio
905 3055 1051 3115 oriuntur
1065 3048 1106 3115 iis

61 3155 169 3229 Soles,
202 3151 371 3237 brumaque
392 3146 490 3247 semel
514 3155 676 3217 occidunt.
727 3154 816 3216 Eum
842 3154 991 3224 Solinus,
1018 3148 1102 3243 [16.

60 3254 187 3347 [un]
213 3273 250 3318 ut
271 3254 367 3328 folet,
394 3255 518 3319 locutus
539 3254 594 3321 est.
645 3256 707 3319 Per
721 3269 881 3319 extremos
897 3255 949 3317 ille
964 3244 1112 3323 [iderum

58 3360 221 3431 ambitae.
246 3360 398 3422 circuitus
412 3360 602 3422 extimarum
619 3357 776 3421 stellarum
793 3360 828 3419 in
845 3358 989 3421 minimie
1008 3356 1111 3441 parat-¹

59 3462 131 3527 lelie
146 3460 318 3545 intelligit,
344 3479 410 3521 uno
424 3480 501 3524 vero
516 3459 567 3521 die
583 3461 681 3528 dixit.
705 3460 768 3523 hoc
790 3459 848 3530 est,
874 3460 1044 3530 continua,
1068 3457 1110 3543 id.

59 3566 149 3649 quod
178 3561 285 3627 solini
308 3562 405 3625 verba
436 3561 595 3627 testantur.
654 3562 858 3646 Quamquam
890 3580 958 3623 non
988 3556 1109 3634 nescim

59 3668 166 3735 maine
182 3662 244 3729 elle
262 3664 295 3725 id
312 3679 441 3748 tempor
457 3663 578 3747 aliquot
595 3663 724 3735 diebos,
750 3682 814 3747 quo
833 3662 1015 3743 solstitialia,
1040 3662 1106 3726 ive

59 3768 175 3834 rediva
190 3766 276 3851 ligne
292 3764 335 3830 iol
354 3772 513 3849 permeat,
535 3766 708 3848 quemhoc
726 3765 778 3837 fit,
801 3765 938 3847 quod
909 3785 939 3861 et
961 3784 1017 3847 per
1034 3764 1106 3826 bru·
1124 3816 1125 3820 ,

58 3871 167 3935 melia
177 3868 265 3953 ligna
286 3868 464 3931 transeunti
485 3865 682 3951 respondeat.
734 3857 921 3931 contactui
940 3848 984 3929 eli
1005 3885 1108 3929 eeeen·

58 3973 200 4039 uuonan
228 4001 282 4017 -··
329 3969 446 4033 Bene
437 3972 534 4054 igitur
557 3969 653 4033 verbe
668 3954 843 4054 Pomponii
864 3956 1037 4051 pensanda,
1064 3962 1124 4031 ιιο”

57 4076 131 4158 quie
151 4084 251 4163 putet
272 4091 381 4159 perem
397 4072 534 4137 omuino
549 4071 611 4137 elle
631 4073 701 4135 eim
715 4072 781 4137 diei
798 4070 966 4155 noctiaque
980 4070 1106 4153 quanti·
