2558 4606
212 339 432 400 11110111.
463 339 569 395 1191.
610 340 645 397 1.
669 342 720 395 111.
763 341 865 429 ou.
899 343 924 411 1.
948 357 1028 412 91
1111 354 1152 429 47

110 518 283 578 contendit
310 516 427 577 lisartin
449 537 481 596 p.
501 525 585 595 958.
604 528 636 575 et
655 517 738 589 276.
769 517 810 577 rte
830 536 893 597 quo
910 515 950 581 cs.
968 518 1053 580 Mox.
1074 516 1153 599 Tyr.

111 629 170 697 53.
189 616 209 680 s.
229 627 263 693 3,
282 627 316 692 8.
333 620 379 679 in.
433 618 530 701 Quod
561 612 695 693 veroin
728 616 903 679 Porisrensis
923 622 1034 703 templi
1058 622 1153 705 cippo

108 720 254 781 humana
271 717 376 805 estigie
394 710 554 800 adparent.
582 714 613 778 iil
630 714 820 783 ululationis
836 718 921 781 carris
939 723 972 780 iu
993 722 1152 785 honorem

108 822 236 883 Tiberii
254 818 374 883 sactum
392 835 501 905 putot,
527 823 582 902 qui
600 814 686 883 hun‘c
705 840 829 883 morem
849 818 1011 904 sustulerit.
1065 876 1073 895 ,

267 1028 297 1103 §.
328 1040 360 1106 3.
412 1020 627 1105 abolitae)
677 1022 753 1101 Vult
768 1024 884 1087 ariolari
901 1024 1048 1097 Claudio,
1076 1040 1162 1093 11111,

110 1147 220 1211 quam.
244 1131 330 1208 quod
348 1128 468 1209 priores
485 1106 629 1187 'caesares
647 1127 815 1207 impetrare
831 1148 896 1190 uou
913 1143 1068 1209 poteraut,
1089 1130 1153 1191 illis

110 1226 287 1299 extorserit,
310 1244 347 1290 ut
364 1228 465 1289 scribit
482 1228 614 1290 Sueton.
633 1228 667 1286 iu
689 1226 826 1289 Claudio
847 1250 874 1291 c.
894 1244 951 1307 25.
980 1251 1004 1293 1.
1022 1248 1152 1309 ouoluo·

110 1351 192 1393 ervo
207 1331 284 1394 MS.
336 1330 474 1392 Moueut
499 1320 605 1389 trimen
627 1330 665 1388 ad
688 1326 881 1392 Suetonium
903 1322 1152 1395 11111ῆί1101-

111 1434 273 1515 dendorp.
297 1433 490 1494 abolendum
514 1431 603 1490 illum
626 1432 724 1490 ritum
754 1430 882 1491 sarrxisso
904 1432 1093 1502 Claudium,
1120 1448 1153 1495 at
1234 1462 1239 1471 ·

112 1532 233 1597 smsira.
264 1533 384 1595 Diserte
403 1536 489 1594 euim
506 1533 683 1613 Procopius
699 1536 738 1593 de
749 1532 786 1593 B.
799 1530 895 1594 Goth.
911 1552 941 1603 9,
955 1548 1010 1609 95.
1029 1534 1151 1596 scribit:

113 1634 155 1699 Oi
168 1630 340 1724 βάρβαροι
355 1617 446 1697 oriror
463 1628 647 1722 Χριστιανοὶ
663 1628 836 1719 γεγονότες
856 1664 899 1679 -·-
919 1631 1046 1708 θυσίαις
1064 1630 1155 1723 χρῶ·

111 1759 203 1829 psvor
224 1730 416 1823 ἀνθρώπων.
456 1734 507 1798 Cs.
525 1734 638 1796 Euseb.
654 1737 693 1797 tle
715 1751 884 1816 praeparat.
900 1738 1024 1822 Erang.
1039 1746 1073 1816 4.
1096 1753 1152 1813 17.

113 1840 285 1921 Lipsiusad
305 1840 409 1899 Tacit.
424 1838 463 1899 rle
481 1838 588 1898 Germ.
611 1857 638 1897 c.
658 1855 692 1915 9.
722 1830 896 1899 ATiberio
914 1853 1018 1898 causer.
1036 1837 1153 1917 sublata
1249 1878 1253 1892 .

112 1938 202 2002 soille
218 1941 270 2001 illa
288 1939 445 2009 sacrificia,
480 1954 588 1999 auctor
611 1938 652 1998 eli
677 1938 801 1999 Plinius
818 1952 875 2017 50,
891 1949 925 2015 a.
945 1938 966 1999 s.
990 1962 1017 2001 1.
1045 1956 1153 2021 qrram·

112 2063 207 2125 quam
225 2040 387 2103 obscurius
403 2042 433 2099 iil
451 2042 552 2110 tradit,
578 2040 714 2099 Druidas
727 2040 813 2100 enim
826 2041 987 2101 Gallorum
1005 2040 1152 2104 suslulisso

112 2147 165 2213 ait,
187 2145 305 2225 quibus
321 2144 360 2204 sic
378 2144 514 2227 tribuere
533 2143 671 2203 vitietur.
712 2141 845 2204 Sueton.
866 2144 900 2203 in
918 2140 1027 2205 Tibet.
1045 2164 1072 2207 o.
1092 2144 1151 2221 56.

112 2246 361 2309 Mathematicus
384 2243 513 2327 (magus
537 2244 625 2303 addit
647 2244 710 2303 Dio
727 2256 784 2319 57,
808 2256 862 2320 ¹5·
889 2259 921 2305 et
944 2247 1046 2309 Tacit.
1068 2247 1152 2307 siun.

114 2345 243 2430 tago.)
267 2369 284 2407 a
309 2347 441 2409 Tiberio
476 2342 622 2427 expulsos
651 2344 727 2413 esse,
761 2359 887 2407 tantum
917 2344 1030 2415 refert,
1065 2347 1152 2429 quod

111 2452 174 2511 iam
192 2450 361 2539 Maecenas
379 2446 519 2531 Augusto
536 2444 674 2507 suaserat.
700 2442 781 2528 (Dio
798 2459 855 2523 59,
872 2449 929 2527 56.
950 2446 1058 2527 osor),
1076 2449 1155 2532 43.)

112 2546 293 2633 Aliquoiies
317 2565 422 2610 tomen
452 2549 502 2607 iila
525 2548 574 2607 lex
597 2549 728 2628 repetita
756 2550 883 2611 videtur
907 2571 980 2608 cum
1006 2549 1071 2631 ipso
1095 2544 1152 2613 illu

113 2654 175 2714 ritu
198 2652 307 2714 soedo.
361 2653 398 2711 ln
416 2632 551 2712 Claudio
574 2648 704 2729 quidem
729 2648 885 2711 consentit
905 2652 1049 2714 Aurelius
1071 2654 1151 2715 Vict.

114 2757 152 2819 do
168 2753 292 2818 Caesar.
310 2772 376 2834 cap.
394 2762 428 2832 4.
477 2751 566 2834 Quae
583 2750 712 2832 quidem
731 2753 897 2814 conciliare
915 2767 1015 2815 tentat
1030 2753 1153 2834 Lipsius

111 2860 149 2919 ad
164 2840 269 2917 Tacit.
288 2856 371 2915 Auo.
395 2870 447 2923 19,
464 2864 523 2932 [po.
545 2872 662 2933 nempe
679 2854 844 2914 Tiberium
860 2856 911 2929 illa
929 2854 1004 2915 sacra
1021 2857 1054 2915 iu
1074 2856 1152 2916 urbo

112 2953 419 3027 tontumsustulisse,
455 2955 626 3016 Claudium
649 2956 684 3014 in
705 2954 804 3015 Gallia
827 2955 898 3036 ipso.
952 2957 1023 3017 Post
1045 2970 1150 3018 tamon

114 3063 312 3122 inhumanos
324 3048 407 3117 'licet
423 3054 645 3139 Heliogabalus
665 3056 817 3118 humanas
833 3054 945 3117 hostias
962 3059 1090 3126 recidit,
1117 3073 1153 3118 ut

111 3176 215 3224 narrat
238 3156 440 3240 Lampridius
458 3160 491 3218 iu
510 3159 572 3216 vita
589 3177 653 3237 rap
672 3171 704 3233 3.
723 3160 767 3220 in.
817 3159 883 3221 Seri
905 3175 936 3218 et
957 3156 1034 3220 oli'ru
1057 3161 1151 3222 erlve-

112 3284 224 3325 norunt
242 3264 467 3322 mactationem
485 3260 523 3320 ab
543 3259 679 3319 Hercule
693 3259 874 3343 abrogatam
890 3258 987 3330 suillo,
1009 3261 1152 3322 adfirmat

97 3366 249 3439 ,Diorlon
267 3376 301 3440 sp.
326 3382 379 3440 19.
398 3363 441 3422 iu.
495 3364 600 3444 Quare
626 3360 663 3419 arl
696 3381 748 3422 eas
782 3360 881 3443 saepe.
904 3365 1083 3431 redierunt,
1119 3376 1152 3425 et
1227 3438 1229 3443 ,

112 3470 206 3531 novis
231 3466 356 3549 legibus
378 3465 514 3547 coerceri
531 3461 662 3521 subinde
684 3454 867 3530 debebant.
888 3465 974 3544 quocl
998 3477 1030 3524 et
1051 3464 1152 3525 exitii·

113 3589 177 3631 urar
196 3569 315 3629 si'lartin
340 3586 371 3646 p.
392 3581 518 3643 99111.
541 3564 562 3627 Ι.
589 3560 706 3622 Bestias
728 3547 835 3625 laureo
858 3570 952 3626 etiam
976 3565 1150 3627 immolasse

112 3692 148 3731 ex
172 3652 281 3731 vetere
309 3684 539 3737 111111111111111111,
573 3665 662 3726 cuius
689 3663 807 3748 species
830 3668 1014 3738 exhibetur,
1040 3667 1152 3749 probat

114 3774 197 3835 idem
219 3796 251 3855 p.
278 3786 358 3831 1119.
380 3767 402 3831 1.
1103 3755 1106 3759 ’

187 3969 421 4051 caedibus)
473 3971 525 4032 Sic
559 3992 694 4036 numero
727 3973 839 4056 plurali
869 3967 978 4054 passim
1006 3972 1154 4034 occurrit.

116 4074 423 4142 1119111111111
444 4074 515 4137 Liv.
535 4092 592 4152 27,
616 4089 671 4153 ¹8·
694 4095 749 4155 ¹9·
779 4074 987 4157 Oudendorp.
1004 4073 1151 4177 adfines,
1175 4154 1178 4163 .
