2558 4606
192 364 259 438 με
463 350 626 416 norae
664 354 965 417 exnorrrcae

192 533 292 595 tradit
306 530 488 614 Stephanus
505 533 525 596 l.
544 554 575 596 v.
592 527 769 622 Ἀπάμεια,
794 532 850 595 ubi
874 548 984 597 tamen
1007 550 1068 617 pro
1083 534 1184 597 Delae
1204 535 1237 599 in

52 620 59 637 ’
192 634 278 699 cod.
306 636 453 696 Palatino
478 633 610 700 Sarmat.
637 638 763 698 invenit
788 632 938 708 Σέλλας,
971 639 1058 718 quod
1086 636 1236 720 praefert,

173 756 270 817 ¹curn
297 734 331 797 iu
365 738 475 799 ilidori
504 734 731 805 manssonibue'
753 738 913 799 Parthicis
937 759 1009 823 pag.
1032 752 1066 818 5.
1094 738 1239 818 (Hudl.)

193 833 307 901 Σὶλλα
333 837 366 900 li.
391 841 485 900 inea
508 853 599 921 parte
616 854 825 903 memoretur.
879 840 1048 901 Seleuciam
1071 856 1184 904 autem
1207 854 1239 904 et

195 937 435 1029 Ctesiphontem
458 938 646 1012 dirimebat,
680 942 771 1003 nullo
796 960 872 1026 agro
890 943 1111 1006 interiacente.
1140 941 1239 1023 (Pro-

195 1061 267 1122 cop.
289 1042 328 1102 de
346 1041 384 1103 Β.
407 1040 492 1104 Pers.
511 1056 542 1112 a,
561 1040 642 1123 28.)
686 1043 822 1112 Ibidem,
855 1045 1017 1104 Seleuciae
1040 1030 1239 1122 Babyloniae

193 1143 336 1207 eundem
358 1150 391 1205 et
412 1142 599 1225 Euphraten
621 1128 797 1229 restaguare
821 1158 855 1205 et
878 1165 971 1228 agroe
993 1148 1115 1230 rigare,
1149 1146 1240 1211 cuiue

115 1306 118 1313 ,
194 1245 313 1306 modun
327 1263 427 1307 manu
443 1258 648 1328 temperetur,
673 1245 769 1307 refert
784 1246 871 1308 idern
888 1247 973 1308 Ptin.
993 1248 1045 1325 18,
1062 1258 1125 1327 47.
1140 1246 1163 1309 i.
1185 1258 1238 1327 18.

194 1347 288 1408 Idem
315 1345 388 1408 loco
420 1345 572 1431 superiori
598 1348 638 1409 fic
663 1351 783 1433 pergit:
838 1345 903 1411 Ubi
928 1360 1103 1411 remeavere
1126 1368 1239 1435 σφω,

188 1444 370 1539 'Paszt'igris
386 1449 577 1531 appellatum
605 1448 720 1543 Postea
735 1451 846 1531 recipit
865 1471 905 1510 eac
917 1449 1032 1513 Medic
1047 1442 1238 1543 Choaspen,

195 1544 310 1633 atque,
336 1550 418 1613 inter
434 1552 604 1614 Seleuciam
622 1564 654 1613 et
678 1548 915 1634 Ctefiplaont‘em
937 1563 1068 1623 vectus,
1094 1553 1130 1615 in
1152 1552 1240 1616 lacus

198 1642 392 1715 Chellaicos
406 1643 594 1741 sefumlic,
619 1665 731 1728 eosque
747 1660 793 1721 7ο
813 1645 865 1708 M
883 1646 924 1709 P.
948 1647 1164 1727 cnrplitneline
1183 1653 1240 1714 im·

192 1752 278 1836 plen
309 1771 386 1815 mox
406 1748 499 1842 vasto
523 1748 613 1809 alveo
635 1737 794 1838 profusus·
810 1744 927 1809 dextra
947 1736 1105 1813 cinaeis
1127 1753 1240 1837 oppidi

140 1917 147 1927 ,
194 1845 336 1942 infertur
357 1853 439 1913 cruri
451 1847 580 1941 Perfice
599 1867 641 1911 ιο
658 1848 710 1909 Μ.
728 1850 766 1911 Ρ.
788 1866 850 1911 ore.
884 1850 969 1911 Huic
983 1852 1168 1923 narrationi
1186 1875 1239 1917 va.

192 1954 261 2015 riae
276 1952 474 2015 obiiciantur
489 1952 618 2013 aliunde
637 1946 853 2014 difficultates.
904 1950 1029 2016 Plinius
1049 1950 1238 2049 Pasitigrim

193 2076 235 2119 ex
252 2056 359 2139 Tigrie
374 2055 474 2118 alceia
489 2051 680 2116 coeuntibua
695 2050 804 2124 elficit,
823 2065 856 2116 et
872 2051 913 2113 src
926 2052 964 2113 ad
982 2054 1112 2137 plenam
1129 2058 1238 2143 Tigit·

194 2175 311 2239 aquam
326 2156 504 2219 conlectam
520 2173 643 2218 nomen
659 2166 800 2218 revocat.
849 2150 931 2225 Alii,
952 2169 1091 2221 notante
1107 2159 1238 2223 Strabo·

192 2278 237 2320 ne
257 2269 313 2333 15.
333 2278 366 2340 p.
385 2268 470 2336 501.
487 2255 509 2318 l.
527 2271 613 2336 729.
632 2257 759 2339 Tigrim
778 2273 879 2338 prope
894 2256 970 2318 ostia
990 2258 1031 2319 lic
1047 2262 1160 2321 vocari
1182 2280 1237 2325 vo·

194 2359 342 2431 luerunt,
374 2379 448 2421 cum
471 2377 584 2421 omues
607 2378 648 2418 ex
670 2357 802 2420 satana
818 2358 1023 2447 decurrentes
1042 2360 1139 2422 fluvii
1162 2382 1236 2425 cum

62 2472 65 2477 '
159 2461 371 2537 ¹interiectis
389 2460 564 2542 Euphratle
579 2456 666 2521 foffis
680 2460 714 2520 in
727 2459 854 2545 Tigrim
870 2461 1026 2525 coierunt.
1076 2459 1151 2545 ⁸lpse
1169 2464 1236 2547 poli

192 2575 361 2643 tamquam
377 2562 566 2646 singularem
586 2562 727 2622 fluvium
749 2560 913 2644 producit,
947 2562 1002 2644 qui
1025 2558 1059 2624 in
1074 2564 1235 2627 Uxiorum

192 2665 325 2748 regione
346 2666 476 2729 ortatur.
529 2661 700 2726 Conleurit
719 2661 852 2726 Curtius
868 2675 900 2740 5,
922 2676 955 2742 3.
971 2667 1016 2727 in.
1039 2680 1074 2728 et
1091 2667 1150 2747 qui
1165 2656 1235 2735 lim·

191 2766 319 2852 pliciter
342 2766 433 2827 illum
453 2766 579 2851 Tigrim
599 2766 764 2837 nominat,
796 2778 834 2825 ut
852 2761 944 2847 lupr'u
968 2766 1044 2830 dixi.
1097 2766 1234 2832 Diodori

198 2883 255 2944 17,
274 2869 334 2944 67.
355 2871 390 2930 in
405 2866 565 2932 Perficurn
584 2866 684 2927 linum
705 2879 869 2929 exonerat.
908 2866 1111 2950 singularem
1134 2870 1235 2933 etiam

191 2970 333 3045 fluvium
350 2968 530 3054 Pelrtigrim
546 2968 622 3032 facit
638 2968 802 3030 Nearchue
817 2987 849 3050 p.
865 2986 910 3030 m.
923 2982 982 3049 57.
1005 2971 1091 3051 apud
1109 2970 1234 3035 Arriae.

192 3072 228 3133 in
245 3054 362 3133 iniicie
379 3090 447 3153 cap.
462 3085 523 3149 42.
552 3075 607 3153 qui
630 3070 664 3131 in
686 3078 775 3134 mare
790 3086 954 3142 excurrat,
978 3072 1067 3133 unde
1085 3078 1234 3136 revector

190 3173 247 3236 ille
264 3173 340 3235 Susa
356 3171 459 3238 subiit.
486 3174 664 3237 Remotum
679 3172 770 3233 illum
788 3169 877 3232 inille
891 3170 932 3234 ab
947 3172 1122 3255 Euphratis
1138 3173 1233 3246 ostiis,

191 3274 269 3337 inde
285 3276 432 3356 adparet,
458 3277 544 3356 quod
562 3288 645 3337 retro
668 3274 880 3358 navigarunt,
906 3286 941 3335 nt
960 3274 1180 3339 Alexandrum
1198 3278 1234 3340 in

152 3415 156 3420 -
190 3376 321 3440 Susiana
337 3378 524 3461 iungerent,
550 3396 610 3439 nec
626 3395 643 3435 a
659 3377 752 3459 Tigri
768 3373 845 3436 Susa
865 3376 1027 3457 perveniri
1044 3376 1159 3459 potest.
1194 3379 1234 3443 Iu

188 3476 260 3559 'ipio
275 3476 366 3539 curin
386 3486 482 3560 porr'o
499 3480 539 3539 ad
553 3479 679 3542 laevam
693 3476 876 3537 habueruut
891 3477 1071 3550 sultanum,
1093 3493 1233 3563 praeter·

193 3582 342 3660 vectique
365 3577 437 3640 lunt
456 3579 580 3650 lacurn,
613 3581 648 3640 in
665 3598 761 3664 quern
772 3579 886 3662 Tigris
904 3577 935 3641 ie
956 3576 1118 3653 infundit,
1143 3580 1233 3645 cuiue

190 3695 226 3743 et
252 3678 379 3743 Plinius
405 3680 497 3765 supra
522 3682 685 3744 meminit.
743 3678 873 3743 Praeter
897 3698 989 3743 oram
1015 3682 1168 3747 Sutianae
1190 3682 1231 3745 acl

190 3780 355 3867 Pasitigris
369 3784 491 3844 exitum
506 3784 671 3867 navigatio
683 3779 745 3842 fuit
757 3797 853 3845 aooo
865 3780 1049 3855 stadiorum,
1064 3785 1088 3846 i.
1109 3805 1140 3849 e.
1158 3792 1229 3862 255

190 3881 241 3945 M.
259 3883 298 3948 P.
338 3884 380 3948 at
395 3885 576 3946 Marcianus
592 3904 624 3966 p.
640 3904 686 3945 m.
704 3897 758 3962 ιθ.
778 3884 956 3968 aTigridie
971 3885 1056 3947 olliie
1073 3886 1115 3947 ad
1132 3886 1231 3950 Oroa-

189 3987 258 4046 tica
279 3986 436 4059 fluvium,
461 3989 549 4048 unde
565 3984 697 4061 Perfidia
719 3986 763 4048 est
785 3985 935 4058 initium,
961 3983 1038 4065 iacit
1062 4000 1161 4069 3450
1175 3986 1230 4049 tta·

191 4086 331 4161 eliorum,
352 4088 374 4152 i.
392 4108 422 4153 e.
442 4099 517 4176 429
533 4088 583 4175 tt.
591 4088 629 4152 Ρ.
654 4106 754 4170 aquo
768 4107 885 4172 perum
899 4088 1152 4157 recadirstnbo
1173 4098 1226 4168 ¹5·
