2556 4606
191 350 244 411 nr
270 348 408 410 roua.
439 349 549 407 unt.
586 349 627 413 t.-
648 350 835 417 ntrc..r.
877 351 903 421 t.
925 360 956 422 a.
1033 348 1096 432 ro,

46 526 118 589 vicl.
137 523 303 589 Drakenb.
324 523 363 585 ad
377 523 450 584 Liv.
470 534 528 603 39.
548 535 628 601 1⁶5,
645 525 951 607 mflootproducit.
973 526 1098 607 qnibut

48 629 135 691 adde
151 626 339 691 abramium
356 627 397 686 ad
414 625 483 688 Cic.
500 627 539 686 de
560 608 707 707 provinc.
726 623 845 689 consul.
863 647 889 690 c.
907 643 941 705 3.
965 628 1096 694 Manat.

50 732 94 792 ad
111 728 215 793 Cicer.
232 746 290 810 pro
306 726 422 792 Coelio
440 747 467 789 c.
483 735 519 806 a.
545 740 577 788 tt
593 729 627 788 in
642 712 755 809 primia
770 724 911 790 Gellium
926 747 960 808 9.
975 746 1032 793 aa.
1048 732 1095 793 in.

41 829 108 893 nbi
134 830 175 892 de
191 842 325 911 utraque
341 828 432 890 verbi
448 831 482 889 vi
500 828 604 890 activa
618 841 651 892 et
672 825 806 912 pallito.
827 887 831 897 ,
847 829 981 914 Deipso
997 829 1110 904 seusu‚=

49 951 118 1017 quo
132 923 353 1026 etinfestorc.
380 932 449 994 vid.
472 932 512 992 ad
535 950 563 1002 t,
587 952 615 1001 r,
633 947 666 992 a.
739 915 742 922 ⁴

30 1135 40 1149 ”
129 1133 348 1217 proiecto)
400 1135 427 1197 1.
450 1152 479 1195 e.
500 1146 658 1214 porrecta.
692 1135 745 1197 Sic
768 1133 880 1218 Nepoa
902 1136 937 1197 in
959 1134 1101 1201 Chabria

50 1228 123 1318 cap.
146 1258 176 1301 t.
191 1248 225 1298 et
241 1236 328 1299 alibi.
364 1236 436 1298 Vid.
453 1235 494 1294 ad
512 1233 630 1317 Nepot.
648 1254 675 1297 c.
692 1237 714 1299 1.
741 1234 919 1299 Burmann.
937 1238 978 1299 ad
995 1239 1098 1315 Valet.

43 1339 160 1402 ‘flacc
177 1347 212 1417 4.
229 1338 312 1415 668.
340 1334 509 1398 Muncker.
525 1337 565 1397 ad
580 1337 703 1421 Hygia.
719 1338 754 1397 in
774 1351 862 1420 poet.
885 1339 999 1417 astron.
1015 1353 1047 1418 3.
1066 1351 1101 1417 5.
1189 1420 1191 1424 ι

52 1439 120 1503 Ad·
140 1435 263 1517 sensum
299 1438 439 1500 similiter
475 1439 651 1501 lornandet
683 1441 726 1501 tle
767 1440 861 1501 rebat
894 1434 1099 1522 Langobard.

57 1562 90 1613 t.
104 1542 149 1605 ·6.
168 1540 218 1605 in.
242 1540 368 1603 Contra
393 1538 618 1634 occidentalem
644 1553 779 1618 purtem,
802 1539 842 1628 (a
863 1540 1103 1627 scandinavia)

52 1646 120 1727 otta
130 1638 209 1736 stne
221 1637 473 1751 flue'chanum
494 1640 625 1722 pelagus
645 1653 750 1721 potet.
816 1698 820 1705 .

131 1820 458 1941 circumfusam)
508 1842 582 1906 vid.
606 1843 647 1903 ad
675 1864 704 1914 ι.
733 1865 763 1914 t,
788 1858 823 1907 a.
900 1904 902 1908 ,
970 1886 974 1893 ·

132 2022 372 2131 Metellum
391 2042 595 2126 Celerem)
653 2045 829 2108 Pelloutier
856 2047 889 2107 in
916 2045 982 2111 diss.
1014 2047 1105 2132 super

55 2147 122 2235 lioc
143 2151 221 2213 loco·
241 2149 330 2234 (vid.
347 2138 474 2209 histoire
496 2149 537 2209 tle
554 2147 746 2210 l’academio
767 2149 822 2210 deo
844 2146 981 2213 scienceo
995 2185 1048 2201 --
1064 2155 1105 2215 (1ο

60 2253 173 2315 Berlin
196 2252 237 2315 T.
259 2273 288 2315 r.
311 2271 344 2331 p.
363 2247 466 2332 178.)
488 2250 672 2327 contendit,
700 2250 840 2312 eundem
863 2252 989 2315 Romae
1012 2251 1109 2315 fuisse

58 2367 277 2443 praetorem.
296 2353 452 2416 Cicerone
477 2349 629 2432 consulo,
665 2353 699 2412 in
733 2353 824 2412 cuiue
848 2353 946 2428 fidem
979 2344 1110 2439 adlegat

58 2459 208 2520 Dionem
226 2468 284 2533 37,
304 2469 363 2527 27.
387 2453 489 2515 Cicer.
510 2453 641 2515 Catilin.
662 2475 691 2526 ι.
712 2471 770 2532 19.
798 2453 903 2516 Cicer.
928 2455 967 2516 ad
988 2454 1107 2521 divers.

62 2571 97 2637 5.
117 2575 154 2621 a.
176 2571 209 2618 et
227 2553 489 2638 proconsulatum
507 2554 629 2616 Galliae
643 2549 762 2639 gessisse
778 2574 865 2617 anno
880 2557 949 2638 poll
966 2556 1107 2620 consule·
1206 2635 1209 2639 ,

59 2672 134 2722 tum
154 2659 335 2726 Ciceronia.
361 2677 390 2719 a.
409 2658 448 2718 U.
470 2655 507 2721 C.
526 2656 611 2734 692.
633 2658 675 2717 D.
699 2657 794 2717 Iunio
817 2656 927 2719 Silano
947 2671 981 2719 ot
1003 2660 1040 2720 L.
1058 2661 1110 2719 Li·
1212 2652 1216 2662 ’

63 2744 152 2824 aar.
172 2759 311 2820 Muteno
329 2757 415 2820 oss.
447 2755 498 2820 cr.
515 2756 584 2819 otc.
600 2752 639 2818 ta
656 2756 771 2819 atvar.
793 2769 825 2835 5.
850 2773 903 2831 a.¹
936 2738 1136 2823 Mortuum*

62 2864 216 2935 Celerem
236 2862 334 2923 etiarn
349 2862 381 2919 in
401 2859 460 2941 hac
474 2862 657 2920 narratione
671 2862 821 2920 nominat
834 2859 921 2922 Plin.
939 2875 975 2931 a.
993 2863 1053 2937 67.
1075 2874 1111 2926 ot

63 2966 105 3028 de
127 2963 245 3026 eodem
262 2962 432 3046 intelligit,
458 2979 521 3042 quo
539 2961 730 3031 Pelloutier.
757 2960 883 3022 Manat.
902 2962 941 3022 ad
958 2961 1110 3029 Cicerou.

62 3067 103 3128 td
119 3061 237 3127 divers.
254 3075 288 3157 5Ἰ
309 3085 338 3127 t.
374 3063 473 3125 Addit
492 3062 626 3148 Plinius.
645 3061 788 3125 eundem
801 3063 838 3124 L.
849 3059 973 3125 Afranii
987 3067 1022 3126 in
1037 3085 1112 3128 con·
1246 3071 1249 3077 '

63 3166 173 3231 lulatu
192 3166 349 3251 collegam
365 3161 464 3235 soille,
486 3165 540 3244 qui
554 3161 616 3243 fuit
629 3183 732 3227 annue
746 3165 785 3229 U.
802 3163 839 3227 C.
850 3164 934 3244 694.
949 3166 1114 3246 (Nomou.)

65 3283 274 3349 meatumque
299 3267 580 3328 commendatione
611 3266 772 3349 Pompeii.
800 3266 884 3343 (Dio
911 3280 970 3346 37.
995 3283 1054 3344 52.
1079 3284 1114 3330 et
1203 3290 1206 3301 “
1235 3320 1241 3326 .

63 3373 150 3455 49.)
189 3370 265 3432 Fuit
288 3358 489 3454 φιλὸπὰτρις
505 3380 537 3429 et
558 3379 674 3433 natura
690 3366 812 3439 bonus,
839 3368 956 3447 quibua
971 3371 1115 3432 nomini·

17 3481 20 3485 '
65 3472 130 3536 but
143 3472 299 3534 laudatur
315 3490 332 3530 a
347 3469 505 3534 Cicerone
521 3469 562 3529 ad
574 3470 668 3533 troc.
688 3485 722 3540 2.
745 3490 774 3532 t.
807 3469 939 3533 Praetor
954 3471 1117 3553 Cicerone

65 3572 212 3641 Consule
243 3572 363 3634 Piceno
395 3560 590 3652 praefectur,
631 3571 693 3632 iter
723 3570 883 3634 Catilinae
903 3554 944 3632 ‘in
971 3554 1129 3636 Galliam

64 3675 318 3759 Transalpinam
331 3674 533 3756 properantia
549 3691 624 3733 cum
641 3673 782 3747 exercitu
797 3669 955 3737 inhibuit.
976 3676 1113 3752 (Sallust.

66 3779 168 3845 Catil.
188 3796 259 3860 cap.
280 3789 339 3855 51.
362 3788 395 3836 et
419 3771 495 3858 59.)
545 3774 596 3836 Ex
621 3786 769 3857 praetura
792 3772 942 3837 obtinuit.
964 3774 1115 3848 Galliam.

67 3901 96 3945 a.
113 3883 156 3945 U.
177 3880 265 3958 692.
288 3873 422 3961 (Varr.)
445 3890 540 3957 atque
558 3877 598 3937 ad
612 3875 838 3949 hurtcannum
853 3872 963 3938 referti
985 3878 1116 3950 debent.

70 4002 156 4069 qnae
180 3980 270 4043 Mela
291 3977 344 4040 hio
366 3974 473 4041 refert.
512 3978 584 4041 vid.
608 3977 649 4041 dt
670 3995 711 4049 eo
742 3975 934 4059 Glandorpii
961 3980 1116 4046 onomast.

69 4106 144 4175 pag.
167 4097 252 4168 ²7¹·
287 4079 386 4167 Quod
401 4076 627 4163 proconsulem
642 4091 753 4143 annm
769 4092 876 4152 vocet.
897 4079 956 4163 qai
966 4082 1117 4147 nondum
