2558 4606
223 328 303 427 ‘nr
329 330 466 393 roua.
496 332 606 392 urar.
647 334 758 394 nm.
800 333 910 394 cnr.
950 334 1029 408 ea.
1103 332 1180 408 105·

109 516 225 568 munte
241 502 407 570 Straboni·
426 500 660 575 Cherldnelum
679 508 825 572 tenuille.
855 506 928 571 Vlcl.
942 508 1108 570 Pontenue
1122 507 1159 568 in

110 606 276 692 chorogr.
293 610 414 673 Daniae
428 609 524 674 delcr.
543 633 573 694 p.
584 613 657 694 644
669 610 729 695 sqq.
758 611 813 697 ulpl
831 612 871 672 de
885 611 944 671 lrac
957 607 1157 673 Chersoneso

111 710 279 772 variorum
296 713 493 776 narrationes
507 714 607 797 exigit
623 727 655 776 et
672 713 823 777 inlustrat.
875 710 1025 774 Diverloa
1049 724 1157 772 tamen

109 807 171 874 hoa
180 811 335 875 Cimbros
347 813 388 874 ab
405 814 454 884 ile.
476 832 555 895 quoe
569 802 690 879 Mariua
703 813 835 900 fugerit.
860 802 1013 876 existimat
1026 805 1155 875 Schlue·
1214 796 1217 801 ⁵

109 930 164 973 aar
176 913 218 973 ad
234 914 444 1000 Schoeningii
462 914 528 979 dill.
545 938 615 999 pag.
638 919 717 980 166.
734 930 803 980 not.
820 918 861 978 D.
877 935 904 978 c.
919 917 942 980 l.
993 904 1174 996 Equidem·

112 1012 152 1074 fic
163 1015 276 1098 capio,
303 1017 382 1079 aliua
395 1017 469 1080 inde
486 1019 628 1103 migralle
643 1017 819 1100 fusosquea
835 1017 949 1089 Mario,
975 1017 1052 1078 alios
1068 1013 1154 1077 ledea

109 1112 178 1178 luae
196 1117 341 1182 tenuille.
380 1119 471 1202 Quae
487 1121 648 1183 diverlitaa
667 1120 689 1182 fi
709 1120 916 1190 concedatur,
943 1119 1057 1181 lubena
1079 1136 1154 1179 con·

111 1212 226 1282 lentio.
255 1218 377 1282 'Cicero
398 1222 528 1301 quidem
549 1223 589 1284 de
614 1226 757 1304 provinc.
773 1219 859 1284 conl.
877 1241 944 1303 cap.
967 1232 1155 1300 13.eornm

110 1315 200 1380 ledea
222 1333 256 1381 et
279 1319 376 1383 urbea
398 1322 430 1381 in
447 1323 546 1384 Gallia
563 1343 683 1407 ponere
697 1326 828 1386 videtur
835 1367 845 1396 ,
877 1324 950 1405 quia
966 1322 1043 1385 dicit
1057 1341 1074 1380 a
1089 1318 1153 1381 lul.

110 1418 245 1484 Caesare
266 1420 385 1483 bellum
402 1423 559 1486 Gallicum
582 1439 671 1487 antea
693 1426 832 1510 gallum,
863 1410 1155 1487 tantummodum·
1221 1440 1224 1445 ·

109 1519 240 1605 pullum
262 1522 339 1598 elle3
373 1524 513 1587 Marium
536 1524 705 1608 reprell'rlle
726 1529 857 1608 quidem
879 1527 1031 1586 maximae
1046 1523 1156 1584 Gallo·
1265 1522 1268 1529 '

108 1640 183 1687 tum
208 1627 331 1706 copiae,
369 1625 419 1688 led
442 1627 479 1689 ad
501 1647 614 1690 eorum
642 1626 728 1690 ledea
750 1648 816 1689 non
843 1625 1034 1708 penetralle,
1067 1620 1155 1706 quod

109 1741 245 1809 propter
261 1729 480 1808 praecedentia
499 1731 687 1813 pertinatad
705 1729 764 1791 lul.
782 1718 919 1791 Caela‘rie
934 1729 1072 1789 laudem.
1105 1725 1155 1786 lta
1250 1776 1260 1805 Ι

109 1825 282 1889 advorsum
301 1828 410 1890 Gallos
432 1830 512 1892 male
535 1844 713 1916 pugnatum
738 1832 815 1893 dicit
832 1828 952 1893 Sallust.
967 1829 1007 1889 de
1022 1828 1058 1888 B.
1081 1827 1152 1909 lug.

109 1946 178 2009 rep.
201 1936 283 2006 ¹¹4·
302 1929 347 1989 ln.
374 1949 391 1989 a
413 1928 575 2013 Caepione
598 1945 630 1994 et
653 1931 795 2011 Manlio,
834 1932 922 2012 quod
946 1930 985 1991 ad
1002 1926 1155 1990 Cimbros

110 2025 209 2091 refert
229 2028 343 2093 Florue
367 2042 400 2109 3,
425 2043 457 2111 3.
482 2041 516 2113 4.
552 2028 885 2109 cf.010r1ur‚5.16.
937 2031 1022 2092 Hinc
1042 2027 1154 2088 bellum

113 2123 291 2201 Gallicum,
317 2130 459 2212 utsupra
482 2135 605 2196 notari.
644 2135 756 2196 Florus
772 2154 799 2195 c.
817 2133 838 2196 l.
850 2133 897 2211 ‚ab
915 2132 1063 2195 extremis
1081 2127 1154 2190 Gal·

109 2229 169 2294 llee
184 2230 341 2316 profugos
356 2234 444 2301 dicit.
463 2234 563 2296 Gallia
579 2234 791 2317 Hispaniaque
806 2232 957 2303 exclusos.
982 2234 1015 2294 in
1032 2231 1155 2294 ltaliam

108 2332 301 2418 remigralle.
329 2336 451 2412 (immo
472 2329 690 2425 demigraffe.)
741 2339 906 2399 Extremae
921 2336 1020 2420 igitur
1037 2332 1155 2395 Galliae

108 2435 208 2505 «licit,
240 2437 331 2516 quia,
362 2457 440 2517 quae
459 2439 538 2498 ultra
562 2454 667 2508 erant.
695 2436 848 2501 nonsatis
868 2435 1154 2522 cognitahaberet‚

109 2537 163 2599 vel
196 2537 331 2600 definire
360 2537 470 2619 pollet.
510 2541 561 2600 'At
583 2539 694 2604 Caelar
717 2542 761 2602 de
785 2540 822 2602 B.
841 2540 881 2602 G.
906 2559 935 2609 r.
958 2552 1015 2618 53.
1040 2535 1155 2599 diserte
1211 2610 1219 2615 ,

109 2634 224 2710 ducet,
261 2640 382 2722 primur
406 2637 494 2701 luille
522 2641 774 2711 Germanorum,
803 2642 859 2722 qui
884 2640 1035 2702 Rhenum
1055 2652 1154 2699 trana-

108 2736 205 2825 gralli
219 2740 355 2802 Galliam
374 2732 481 2824 petere
501 2743 563 2803 ausr
580 2743 687 2806 allent.
741 2743 816 2806 1²0st
831 2741 938 2827 fugam
954 2762 972 2806 a
989 2740 1092 2802 Mario
1107 2741 1154 2800 in·

110 2841 228 2914 latam.
259 2843 359 2904 Gallia
376 2845 501 2913 relicta.
528 2845 588 2906 allo
606 2841 785 2907 couceffille
800 2846 968 2914 videntur.
995 2845 1069 2924 quia
1084 2839 1155 2903 Cri·

110 2955 276 3029 regnatur,
294 2946 349 3026 qui
364 2944 460 3017 nolle,
479 2944 604 3008 summo
620 2949 692 3008 loco
709 2949 742 3007 iu
753 2947 904 3008 Arvernia
919 2958 1020 3015 natue,
1042 2940 1153 3026 pulset,

110 3045 196 3128 apud
206 3046 268 3118 lul.
277 3045 365 3109 Cael.
382 3049 422 3108 da
437 3046 533 3111 B.'G.
546 3063 577 3118 7.
595 3064 653 3123 77.
667 3047 690 3111 f.
707 3050 796 3118 dicit,
817 3047 966 3111 Cimbros
980 3044 1153 3126 aliquando

111 3148 231 3212 linibus
248 3145 310 3210 luia
325 3143 493 3220 excelltlle',
519 3149 706 3231 depopulata
724 3150 839 3219 Gallia.
865 3168 1041 3233 magnaque
1057 3145 1154 3206 inlata

112 3250 300 3313 calamitate.
345 3251 447 3334 Igitur
464 3252 523 3330 lul.
540 3251 678 3315 Caesari·
700 3266 845 3334 ternpore
862 3252 997 3313 Galliam
1018 3246 1154 3330 relique·

111 3365 194 3424 rant,
217 3363 252 3414 et
273 3372 329 3431 per
347 3350 519 3441 Noricum.
541 3351 647 3415 frullra
663 3354 753 3423 licet,
779 3356 812 3414 in
831 3339 951 3415 ltaliam
966 3354 1153 3432 irrumpere,

112 3470 243 3517 auctore
259 3454 354 3516 Floro
372 3468 403 3533 3,
422 3469 455 3535 5.
476 3455 622 3538 aliisque.
650 3456 755 3518 conati
770 3469 869 3524 eraut.
894 3475 968 3517 cum
984 3460 1047 3516 ianr
1063 3463 1155 3515 antea

112 3556 149 3618 ad
168 3576 266 3639 aquae
289 3556 412 3618 Sextiae
430 3578 447 3618 a
465 3557 567 3621 Mario
590 3557 667 3640 pnlfi
689 3556 797 3619 allant.
838 3554 889 3621 Cf.
913 3554 1024 3619 Vellei.
1042 3571 1074 3624 2.
1097 3569 1153 3617 ια.

111 3659 201 3723 unde
227 3673 270 3721 et
302 3652 568 3719 Gallicum-illud
600 3660 719 3720 bellum
747 3674 889 3724 vocatur.
933 3658 994 3721 lul.
1015 3655 1101 3721 caes.
1122 3671 1154 3725 Ω,

113 3778 173 3843 29.
194 3758 220 3824 f.
250 3759 345 3830 dicit,
379 3761 551 3841 quosdam.
584 3781 657 3822 cum
689 3761 804 3843 reliqui
838 3763 872 3822 in
907 3760 1043 3846 Galliam
1078 3757 1156 3821 Nar·

110 3860 292 3927 bunenlem
314 3874 347 3923 et
371 3862 493 3927 ltaliam
523 3863 583 3923 iter
613 3860 769 3951 lucillum,
802 3860 945 3924 reletlille
973 3847 1053 3925 circe
1071 3861 1157 3924 lihe-

110 3986 209 4038 nuuu,
238 3976 274 4026 et
291 3964 439 4033 tanrlem.
465 3974 542 4045 pace
566 3962 660 4035 lacta,
687 3966 794 4025 locum
813 3964 869 4025 fibi
888 3960 1059 4026 domicilio·
1072 3965 1162 4047 ‹lele-¹
1205 4041 1210 4048 J

109 4066 203 4157 gille,
231 4067 287 4130 vel
304 4066 414 4149 putiue
435 4085 548 4131 eorum
571 4066 756 4154 prognatos.
780 4067 834 4130 -lu
849 4063 949 4150 ipsam
964 4086 1043 4132 vero
1060 4065 1160 4131 Cher-¹
1240 4054 1248 4070 Χ
