2558 4606
242 359 467 420 rancun
497 356 604 419 uun.
642 346 759 437 um.
802 354 893 421 nrt.
936 368 1014 437 Μ.
1108 370 1152 445 5,

107 526 271 605 tl'ca'suit,
304 549 341 596 ut
371 522 482 595 scribit
501 534 643 615 Plinlua,
675 532 792 597 docent
816 534 981 617 utriunque
1011 536 1090 599 linea
1115 534 1154 599 ln

108 636 220 699 Plinio
237 648 271 698 et
286 636 484 706 Ptolemaeo.
527 637 626 699 Aliter
646 635 759 699 Strabo
776 645 813 716 4.
835 646 907 719 pag.
927 626 1007 700 r'aa.
1024 634 1045 697 t
1068 648 1155 717 ¹75³*

108 740 166 819 qni
186 739 285 807 elicit,
310 738 349 800 ab
368 737 508 823 Augusto
526 738 660 801 Galliam
676 736 837 821 Belgicam
852 734 988 799 divisam
1006 735 1099 803 fuisse
1115 740 1155 803 in

110 836 365 923 Lugdunensem
376 824 421 901 ‘et
440 838 625 923 'Belgicemt
663 858 704 900 ex
733 839 883 923 peculiari
907 853 1017 903 autern
1040 838 1154 903 descri-

110 941 237 1023 ptione,
263 941 298 1001 in
313 960 373 1023 qua
384 954 605 1003 memorantur
620 939 727 1002 Hedui
742 953 775 1001 et
791 938 936 1011 Lanuuii,
955 941 1093 1023 adparet,
1117 954 1157 1007 te
1229 1016 1232 1021 ¹

110 1041 177 1124 ipsa
195 1061 274 1105 eum
297 1040 336 1102 ab
358 1043 425 1107 aliie
447 1044 584 1103 minime
604 1042 793 1124 dincrepare.
853 1043 900 1103 lta
924 1060 1001 1104 roro
1023 1063 1090 1106 non
1112 1064 1154 1107 ex

111 1157 224 1207 vetere
239 1142 365 1229 Belgica
386 1162 443 1226 per
463 1142 656 1205 divisionem
671 1141 750 1206 sacta
771 1141 814 1205 est
831 1143 1067 1229 Lugdunenli'ai
1100 1142 1154 1207 sed

110 1246 177 1307 lroc
196 1263 320 1307 nornen
340 1247 374 1305 io
393 1248 481 1327 priua
506 1242 658 1306 sticcelsu.
701 1244 819 1327 Populi
834 1257 867 1307 et
888 1244 982 1309 urbea
998 1246 1156 1330 pretiatur

111 1344 316 1410 recensentur
332 1367 350 1411 e
365 1346 536 1417 Strabone.
561 1346 669 1411 Plinio
687 1358 720 1409 et
736 1346 931 1411 Ptolemaeo.

188 1546 373 1631 Belgae)
423 1548 479 1612 Gr.
504 1550 601 1609 etiam
625 1542 769 1638 Βὲλγαι,
798 1562 839 1609 -nt
861 1550 943 1631 apud
966 1548 1157 1613 Strabonem

111 1647 168 1713 lib.
185 1659 223 1732 4.
240 1645 363 1733 paffim.
405 1652 484 1710 lnde
504 1645 764 1731 tlelrayalaria
783 1645 926 1736 Βελγικῆ
947 1652 1030 1732 apud
1052 1650 1158 1715 Ptole·

112 1768 243 1814 meeum
260 1768 292 1819 2.
310 1770 344 1831 9.
369 1764 401 1812 et
417 1750 597 1832 limplioiter
612 1745 757 1836 Βελγικὴ
773 1752 856 1833 apud
872 1749 1083 1833 Stephanum,
1101 1752 1159 1834 qni

113 1856 212 1913 etiam
236 1854 326 1913 addit
352 1849 497 1934 litigosa·
519 1851 557 1915 sc.
578 1846 689 1938 χώρα.
734 1853 825 1913 lderu
852 1874 868 1912 a
894 1850 1001 1939 Bidpry
1023 1854 1158 1925 derivat,

113 1969 151 2014 ut
164 1950 300 2040 'drrraip
317 1949 436 2015 «licetur
451 1954 489 2013 ab
504 1948 603 2038 'Aariy
613 1958 628 2026 ;'
651 1950 771 2013 Macrin
787 1968 912 2036 μμ.
926 1972 953 2016 c.
967 1956 988 2016 l.
1004 1974 1020 2015 a
1034 1954 1157 2036 Belgio,

114 2068 217 2117 tractu
238 2058 356 2139 exiguo
379 2055 541 2139 Belgicae,
560 2075 672 2137 ouem
693 2055 789 2135 aliqui
815 2056 901 2115 urbia
924 2074 1045 2117 nomen
1069 2070 1160 2137 purae·

113 2170 234 2220 verunt
261 2156 296 2218 in
322 2155 469 2226 Caesare,
505 2174 587 2240 quoe
611 2156 680 2219 latia
704 2155 859 2218 restiterit
883 2156 1159 2239 Oudendorp-ad
1224 2208 1228 2225 2

109 2273 149 2336 ὁ,
173 2269 233 2341 24.
256 2259 298 2321 de
318 2258 357 2320 B.
377 2258 416 2321 G.
457 2259 505 2317 De
523 2259 583 2321 litu
602 2259 742 2338 disputat
756 2257 918 2321 d'Anville
937 2260 970 2319 in
989 2259 1096 2321 notice
1117 2260 1159 2323 de

114 2361 142 2423 la
160 2361 263 2421 Gaule
276 2380 306 2442 p.
330 2368 410 2438 147.
432 2373 465 2420 et
482 2361 593 2439 ponit,
620 2359 678 2418 ubi
694 2360 773 2421 olim
793 2358 921 2421 suerunt
938 2360 1102 2422 Bellovaci
1122 2362 1159 2423 in

115 2464 281 2525 Picartliee
297 2454 425 2527 linibui.
460 2459 512 2522 (tf.
528 2462 624 2521 etiam
642 2460 812 2525 Cluverius
826 2475 859 2522 et
872 2462 1081 2545 Oudendorp.
1096 2480 1124 2527 c.
1136 2462 1158 2526 l.

115 2564 222 2629 Multa
238 2583 316 2625 vero
337 2564 376 2623 de
396 2577 508 2641 etymo
530 2559 678 2624 numiuie
698 2563 785 2624 dabit
800 2562 972 2626 Cluverius
992 2565 1025 2624 in
1047 2563 1158 2627 Gerra.

115 2682 181 2728 aut.
203 2683 235 2734 e,
255 2678 289 2740 3.
309 2685 340 2746 p.
361 2676 442 2742 542.
468 2659 581 2724 Noller
598 2664 759 2746 Belgicam
774 2668 812 2727 ad
828 2665 982 2727 Rhenum
1004 2660 1163 2737 extendit,¹

116 2768 243 2831 Plinius
258 2776 291 2846 4,
315 2780 372 2843 δι.
392 2764 412 2825 l.
436 2779 489 2838 ιτ.
513 2766 552 2825 ad
573 2765 716 2835 Scaldim
745 2784 824 2847 quae
839 2778 950 2847 parum
970 2767 1161 2848 discrepant.

115 2869 233 2932 Strabo
248 2880 283 2945 4,
307 2886 376 2950 pag.
397 2877 474 2941 155.
499 2862 519 2930 l.
540 2867 620 2944 196.
645 2866 809 2930 concludit
830 2868 967 2938 llheno,
1000 2868 1106 2952 Ligeri
1125 2880 1162 2929 et

118 2971 270 3038 Oceano,
304 2964 379 3031 fello
401 2969 531 3050 quidem
549 2968 674 3052 Ligeri,
707 2980 746 3028 ut
769 2969 1017 3035 docetValeline
1037 2971 1069 3029 in
1091 2982 1161 3033 not.
1266 2954 1269 2959 ¹

118 3072 203 3135 Gall.
225 3090 296 3155 pag.
312 3066 369 3146 98.
391 3090 430 3131 ex
453 3070 537 3130 lulio
559 3061 647 3131 Caes.
672 3069 713 3131 tle
734 3069 773 3133 B.
790 3070 831 3132 G.
852 3091 880 3140 1,
909 3091 937 3135 t.
970 3071 1024 3150 qai
1047 3067 1174 3133 diserte·

117 3174 234 3258 Belgae
251 3192 269 3233 a
283 3164 384 3234 Celtic
400 3170 425 3230 ί.
440 3171 539 3233 Gallio
554 3170 700 3233 Matrona
722 3184 755 3233 et
768 3170 911 3252 Sequana
927 3171 1030 3232 dividi
1044 3173 1103 3242 ait,
1129 3184 1163 3235 et

119 3276 207 3358 quod
235 3273 347 3338 Celtae
375 3271 395 3334 s.
421 3272 502 3334 Galli
529 3274 656 3354 proprie
681 3273 759 3333 dicti
784 3292 852 3337 non
877 3270 1071 3342 habuissent,
1104 3271 1164 3333 abt

119 3374 341 3454 confluerent,
377 3394 450 3435 nuru
466 3376 644 3456 Aquitanos
667 3373 823 3458 Augustus
844 3372 956 3439 Caesar
976 3375 1085 3459 Ligeri
1107 3374 1163 3437 flu-

120 3478 211 3541 mine
239 3477 469 3540 terminaverit.
521 3476 570 3540 Ex
597 3475 690 3538 lalio'
704 3468 835 3539 Caesare
854 3493 885 3546 t.
909 3492 940 3543 1.
963 3476 1163 3560 intelligitur,

122 3578 324 3661 complexam
341 3580 437 3638 etiarn
461 3576 521 3643 else
534 3577 735 3647 liele-etiam,
769 3598 869 3660 quam
888 3577 957 3661 poll
972 3577 1106 3641 demum
1124 3574 1163 3637 alr

121 3700 157 3745 ea
170 3681 227 3747 ille
243 3678 398 3763 separavit
412 3680 517 3743 iudea
534 3680 603 3742 lacu
615 3678 739 3741 Veneto
754 3680 793 3741 ad
810 3676 844 3743 sl.
859 3680 993 3749 Ararim,
1015 3674 1165 3760 (Saone)

122 3800 155 3845 et
173 3785 219 3847 cie
242 3795 276 3844 et
299 3795 384 3843 trane
408 3783 690 3869 montemulurem
717 3781 940 3863 Sequanorum
964 3783 1165 3863 provinciam

125 3883 210 3949 lecit.
257 3884 355 3948 Certe
372 3882 547 3965 Eutropius
559 3883 595 3953 6,
617 3893 672 3965 ¹4·
691 3880 860 3946 Helvetioe
877 3881 932 3944 suo
948 3896 1094 3965 tempore
1111 3883 1165 3944 Se·

123 4007 245 4070 quinos
259 3982 432 4067 adpellatoa
449 3983 510 4048 elle
529 3982 642 4056 refert,
675 4001 750 4048 cum
773 3985 851 4046 olim
870 3984 951 4070 (lul.
967 3981 1114 4048 CaeLde
1126 3981 1165 4046 tt.

124 4091 162 4157 (i.
187 4112 218 4167 a,
243 4091 297 4173 a.)
321 4085 480 4155 Helvetiia
504 4099 631 4183 tentum
648 4087 789 4175 preximi
811 4084 952 4163 suerint,
986 4087 1035 4150 uti
1058 4097 1096 4152 et.
1114 4084 1167 4149 ed·
