2558 4606
171 384 235 449 tet
307 390 310 397 ’
441 374 605 447 Notae
645 384 951 444 axuouarcta
1053 362 1057 367 ’

171 560 290 637 virides
311 560 345 624 it
366 554 560 625 eiusta'uwror
581 558 665 641 apud
685 554 825 643 Oppian.
845 562 878 621 in
897 558 1057 653 cyneget.
1079 577 1109 632 r,
1128 569 1220 655 470.Ι

172 654 333 748 Propertii
356 665 462 725 locum
488 674 633 723 notatum
656 662 709 724 aiii
730 663 769 725 ad
785 658 933 743 saponem
952 661 1115 733 referunt,
1150 682 1215 745 quo

173 765 303 851 tapillos
327 767 455 839 rutilare
473 763 632 834 solebant,
657 777 695 823 ut
711 762 757 824 ibi
774 776 864 825 notat
878 764 1056 828 Burmann.
1079 786 1112 847 p.
1130 774 1215 853 5344.

173 874 207 933 e't
222 862 304 951 ¹quos
319 868 438 931 laudat.
482 865 524 926 At
544 867 636 950 picta
656 885 755 945 genas
773 864 947 927 Britannia
971 865 1053 927 dixit
1072 864 1218 929 Claudia·

160 962 236 1053 *nus
260 972 304 1032 de
321 970 414 1030 laude
431 968 502 1032 Stil.
519 982 552 1037 2,
569 976 653 1046 248.
673 966 803 1028 coerulei
822 968 978 1029 Britanni
1000 964 1138 1029 Martias.
1162 990 1216 1040 ιι,

176 1052 236 1151 ⁴54.
252 1072 305 1136 in.¹
319 1083 353 1132 et
375 1070 450 1130 hinc
469 1068 633 1132 Schrader.
655 1068 815 1130 emendat.
832 1066 899 1151 cap.
916 1087 950 1155 9.
971 1090 1003 1152 p.
1026 1082 1107 1141 170.
1128 1070 1219 1130 malit

174 1170 462 1257 pieto'Britanrria
482 1170 574 1232 vultu
596 1188 654 1252 pro
677 1190 783 1242 curru,
814 1173 973 1253 renitente
995 1173 1129 1252 quidem
1150 1170 1217 1233 Ou-

174 1273 297 1338 weniio
319 1275 354 1333 in
376 1270 524 1335 noctibus
548 1271 687 1356 Ha'ganis
705 1280 737 1346 3,
760 1280 813 1347 18.
834 1292 864 1354 p.
884 1270 969 1351 5'47.
1006 1274 1147 1333 invaluit
1165 1272 1225 1357 ilie¹

175 1356 249 1439 mos
270 1376 388 1449 nonin
410 1375 571 1435 Britannis
594 1372 715 1444 solum,
747 1370 799 1435 sed
823 1386 856 1435 et
874 1375 1011 1435 omnino
1033 1376 1067 1435 in
1086 1373 1219 1439 Celticis
1274 1442 1277 1449 ,

142 1528 147 1535 .
175 1477 323 1562 populis,
358 1477 399 1538 de
420 1476 484 1558 quo
504 1468 629 1557 prolixe
651 1471 797 1556 exposuit
819 1476 994 1538 Pelloutier
1018 1475 1051 1535 in
1071 1462 1143 1537 hist.
1163 1480 1219 1539 des

176 1578 285 1642 Celtes
300 1579 342 1642 T.
359 1598 393 1640 r.
415 1598 447 1659 p.
463 1588 688 1656 289-295
717 1577 769 1635 cui
785 1576 859 1636 addi
879 1578 982 1659 potest
996 1576 1163 1661 Boettiger
1184 1580 1219 1641 in
1274 1578 1277 1587 '

176 1680 307 1743 Neuem
325 1677 488 1743 teutschen
508 1676 768 1763 Merkur'1792.
790 1677 826 1738 P.
844 1679 878 1739 6.
895 1699 967 1763 pag.
990 1689 1057 1763 ¹4⁰
1076 1676 1139 1760 sqq.
1170 1683 1234 1742 Da.

176 1781 275 1846 ceusu
294 1780 381 1842 Mese
396 1780 532 1860 aliquid,
558 1778 613 1839 etii
629 1777 742 1847 dubie.
766 1778 892 1842 adiecit.
944 1781 989 1842 Ut
1009 1777 1129 1842 muscas
1148 1784 1219 1843 atia-

175 1900 314 1967 rumque
337 1881 542 1945 hestioiarum
562 1881 644 1941 ictus
668 1880 848 1950 eluderent,
883 1883 982 1941 credit
1006 1884 1045 1943 de
1066 1882 1169 1944 Pauw
1184 1885 1220 1945 in

109 2028 113 2037 ι
176 1984 364 2049 recherches
381 1982 429 2043 sur
444 1983 490 2045 les
505 1982 699 2044 Americains
713 1980 786 2044 sect.
805 1998 837 2045 2.
854 2001 888 2064 p.
899 2003 942 2044 m.
956 1981 1101 2064 sogsqq.
1134 1984 1220 2065 Hey·

176 2108 220 2151 ne
235 2081 324 2148 addit
337 2084 376 2145 ars
393 2085 504 2168 virgis.
522 2084 640 2167 Georg.
656 2099 689 2151 2.
711 2105 723 2143 1
737 2095 791 2160 ²5·
809 2070 957 2145 sanitatis
972 2086 1069 2145 etiarn
1084 2086 1118 2146 id
1134 2086 1221 2149 causa

177 2186 317 2257 factum,
344 2185 398 2246 vel
419 2184 547 2247 arcendi
569 2181 713 2266 frigoris,
740 2186 792 2246 vel
813 2183 979 2247 iniiciendi
1002 2186 1144 2250 hostibus
1162 2203 1220 2251 ter·

177 2291 270 2351 roris.
304 2283 356 2349 Cf.
374 2283 555 2349 Robertson
570 2284 690 2364 history
708 2282 745 2345 of
759 2288 902 2347 Amerina
917 2288 958 2349 T.
977 2280 1064 2369 asp.
1085 2304 1167 2365 151.
1188 2306 1220 2352 et

178 2390 219 2452 aas
239 2407 271 2460 2,
293 2410 324 2461 a,
345 2406 400 2450 ro.
453 2387 612 2457 Ornatus,
638 2388 761 2448 decoris
779 2385 866 2448 causa
886 2390 1037 2453 videntur
1059 2386 1163 2455 secisse
1185 2394 1221 2455 in

178 2490 270 2555 sacris
283 2488 474 2571 quibusdam
487 2486 717 2550 Britannorum
733 2490 886 2573 coniuges
902 2511 1073 2570 nurusque.
1097 2494 1138 2553 de
1154 2497 1221 2576 qui·

178 2592 240 2655 bus
257 2594 288 2653 id
311 2586 407 2652 refert
422 2591 506 2652 Plin.
524 2606 583 2662 22,
602 2607 635 2654 Ω.
652 2588 675 2653 s.
695 2610 726 2654 r.
754 2593 793 2652 ln
808 2591 970 2654 Britannis
984 2595 1125 2655 Silurum
1141 2596 1221 2658 culo·

178 2690 270 2757 ratos
285 2692 416 2775 quidem
433 2692 543 2754 vuitus
560 2705 792 2753 commemorat
810 2694 942 2755 'facitne
958 2698 989 2753 in
1003 2699 1108 2779 rigric.
1122 2717 1150 2760 c.
1168 2720 1221 2761 ιι.

180 2809 213 2858 at
232 2796 321 2878 quod
339 2794 415 2854 inde
432 2813 543 2855 eorum
561 2786 718 2877 originem
740 2793 940 2877 Hispanicarn
964 2798 1104 2866 evincit,
1129 2799 1163 2859 id
1183 2800 1222 2861 ad

181 2898 323 2964 colorem
348 2914 419 2957 aere
440 2909 472 2957 et
492 2892 554 2957 sole
575 2909 773 2968 contractum
790 2910 824 2957 et
845 2898 884 2957 aci
907 2898 1046 2978 posteros
1070 2882 1222 2986 propaga·

117 3068 120 3074 ‚
179 3012 251 3060 tum
267 2999 417 3082 pertinet.
455 2997 577 3057 Mirum
595 2998 754 3067 videatur,
780 2997 866 3079 quod
884 3000 1058 3063 lornandes
1071 3001 1112 3063 de
1128 3007 1223 3066 rebus

182 3101 256 3164 Get.
273 3120 339 3181 cap.
357 3116 390 3160 Ω.
434 3096 554 3160 Melam
578 3098 618 3159 iic
635 3100 762 3160 retulit:
798 3097 848 3160 Ob
869 3099 1008 3162 decorem
1029 3092 1152 3193 nescio,
1179 3126 1222 3166 ora

180 3200 280 3264 oliam
306 3198 345 3261 ob
376 3221 438 3259 rem
460 3191 556 3288 ferro
581 3184 722 3280 pingunt
747 3221 891 3281 corpora.
952 3203 1046 3264 Saxio
1078 3218 1221 3277 notante,

180 3304 271 3365 idern
299 3300 487 3384 comprobat
516 3300 597 3364 Cod.
626 3299 770 3363 Ambros.
807 3316 840 3362 et
871 3301 952 3366 forte
979 3304 1153 3389 legendum
1179 3308 1224 3372 esi

180 3408 347 3486 pungunt,
380 3403 467 3482 quod
497 3416 531 3463 et
563 3400 658 3464 habet
690 3404 877 3466 Ammianus
899 3420 957 3482 51,
980 3422 1014 3469 Ω.
1051 3408 1071 3466 sr
1098 3406 1223 3473 sensum

182 3504 314 3588 spectes.
366 3505 453 3564 Dicit
474 3505 579 3574 enim,
611 3503 824 3597 interstinctus
849 3504 937 3568 fuisse
963 3508 1063 3569 colore
1085 3512 1223 3575 eoerztieo

183 3626 319 3686 corpora
331 3602 434 3697 fimus
453 3617 484 3666 et
501 3606 610 3667 crines.
662 3608 703 3667 At
722 3625 797 3667 cum
814 3607 932 3669 Melam
948 3622 1022 3671 ante·
1038 3613 1151 3675 oculos
1171 3615 1225 3676 ha·

184 3707 308 3777 buerit,
334 3726 395 3768 nec
415 3708 554 3788 pingunt
568 3705 607 3767 ad
625 3702 667 3768 ro*
681 3698 777 3798 ferro
792 3712 966 3772 commode
986 3709 1095 3778 referri
1118 3712 1223 3795 poffit,

185 3810 243 3871 nisi
264 3810 305 3870 de
326 3809 468 3870 tinctura
495 3809 704 3880 intellexerit,
737 3824 923 3893 corruptum
946 3811 1009 3874 hoo
1030 3816 1140 3896 potius
1162 3817 1223 3880 esse

185 3910 314 3972 videtur
339 3930 377 3971 ex
402 3912 505 3982 vitro,
534 3910 653 3985 librarii
677 3908 852 3976 oscitantia.
916 3915 999 3976 Alias
1018 3917 1158 3996 pingunt
1182 3921 1224 3982 se·

183 4014 268 4075 riori
295 4012 474 4074 mutatione
497 4013 532 4072 in
552 4025 700 4093 pungunt
722 4015 891 4076 transverti
913 4011 1026 4097 possit,
1062 4038 1121 4078 nec
1148 4021 1224 4085 alio-

183 4134 257 4179 rum
278 4114 383 4179 inrita
406 4114 598 4196 narratione.
656 4115 705 4180 lta
728 4116 819 4181 euim
848 4114 963 4183 diserte
988 4114 1166 4188 Herodian.
1190 4102 1224 4202 ἑ,
