2558 4606
242 364 295 423 ru
322 362 462 423 rone.
491 363 599 423 nar..
640 362 751 423 nm.
793 364 885 427 ov.
927 367 1007 440 oa
1080 376 1148 445 aar

95 538 157 623 qui
180 557 256 609 tum
277 537 304 601 1.
320 534 468 609 caesare.
494 538 611 602 Pisone
634 552 668 602 et
693 537 831 603 Gabinio
847 530 983 607 CSS.'a.
1001 543 1041 607 U.
1058 544 1145 624 696⁶

100 640 277 725 (Vqrroo.)
299 642 472 725 pugnavit,
501 642 542 705 de
565 659 631 723 quo
654 641 907 708 vid.1ul.Caei·'.
931 645 972 707 do
992 644 1030 709 B.
1050 645 1090 708 G.
1114 652 1146 717 rt
1171 712 1175 723 ,

101 757 146 823 51
168 740 232 825 sqq.
259 743 294 813 6,
322 758 376 811 ια.
403 755 437 804 et
453 744 518 804 Dio
538 753 596 823 38,
614 752 663 823 34
675 742 753 827 sqq..
792 742 1039 817 Diffiouitatem,
1065 756 1148 829 quae

101 866 145 909 ex
163 862 246 907 vote
265 844 447 907 suevorum
469 842 627 917 uastatur,
653 864 804 909 curu-rex
817 846 1053 911 Germanomm
1069 847 1149 915 tem

100 958 336 1031 pervocetur.
370 946 410 1008 fio
433 946 545 1013 tollere
574 948 708 1018 nititur.
735 947 939 1014 'Ariovistum
961 968 1002 1011 ex
1017 964 1147 1015 -eotuua

103 1049 340 1133 Germanorum
364 1066 502 1111 numero
521 1046 629 1121 inilia,
661 1068 742 1132 quoe
765 1051 891 1113 Suevoe
912 1048 1070 1123 dixerintt
1103 1052 1147 1117 tie

100 1170 170 1235 qno
186 1148 274 1231 Caes.
291 1151 331 1212 de
347 1150 384 1212 B.
401 1149 442 1212 G.
463 1170 493 1220 1,
509 1163 568 1227 53.
585 1163 618 1213 et
631 1159 666 1230 4,
688 1136 721 1215 r.
754 1150 855 1215 Porro
871 1152 1009 1216 conflare
1024 1164 1148 1225 moneo.

102 1240 300 1317 Ariovistum
316 1264 400 1321 ante,
423 1271 518 1334 quam
529 1252 682 1314 Rhenum
698 1272 774 1314 turn
789 1256 931 1317 exercitu
946 1254 1150 1340 tranegress'uh

104 1355 245 1435 Gailiam
265 1352 432 1424 invaserit,
464 1353 595 1416 tenuiiie
619 1366 716 1417 terrae
736 1356 959 1436 Sequanorum
981 1358 1149 1421 etfletvet

102 1458 244 1526 tiorum,
275 1475 356 1537 quae
374 1457 560 1517 etiamnunc
578 1456 717 1519 Sueviae
735 1474 861 1519 nomen
884 1456 1021 1522 servent.
1057 1446 1148 1525 Oroi
1183 1498 1186 1503 ·

103 1559 146 1621 de
161 1557 201 1622 B.
217 1556 309 1629 G.,-r‚
324 1566 385 1636 4ο.
411 1555 524 1619 Strabo
542 1568 578 1635 4.
594 1577 627 1638 p.
646 1568 726 1637 154.
745 1555 765 1620 s.
786 1568 868 1637 194.
920 1559 1050 1623 Praeter
1064 1550 1150 1626 aad

105 1679 168 1722 rot
190 1661 317 1742 proprie
342 1659 381 1721 fio
405 1660 509 1721 dictos
531 1659 708 1722 Ariovistus
732 1657 838 1721 recum
859 1659 971 1724 habuit
992 1663 1150 1735 Harudes

104 1755 343 1835 Maroo'manoo,
366 1761 551 1830 Trihoccor,
578 1762 769 1845 Vangiouer,
795 1760 965 1834 Nemetae,
990 1764 1150 1835 Sedusrera
1204 1748 1208 1765 ἴ

103 1866 166 1947 qni
189 1882 305 1925 omnen
334 1875 630 1926 commemorantur
655 1861 731 1925 [ocii
760 1864 795 1923 in
821 1865 945 1945 proelio
968 1884 1043 1927 cum
1065 1866 1152 1929 Iulio

106 1963 289 2038 Caeiareiu
306 1964 415 2031 Gallia.
441 1958 675 2044 (vid.1‚51.)
713 1964 841 2045 Exquo
856 1964 994 2047 adparet,
1017 1966 1152 2031 eoadem

105 2064 194 2149 uana
208 2067 362 2129 Rhenum
384 2085 459 2129 cum
476 2066 591 2129 Suevia
606 2063 736 2128 duxiffe.
788 2066 875 2128 Haec
889 2064 955 2130 fere
974 2067 1045 2129 sunt
1061 2088 1152 2154 argu·

105 2182 236 2240 menta,
267 2168 382 2250 quibua
404 2181 512 2230 mutuo
534 2167 710 2230 PeHontier
725 2167 1051 2255 Ariovistum-regern
1073 2188 1152 2233 euru

105 2270 200 2334 fniffo
224 2270 390 2334 existimat.
442 2269 602 2352 Equidem
629 2269 713 2331 nihil
738 2270 899 2333 eiusmodi
924 2273 959 2334 in
983 2272 1151 2335 Aventino
1196 2276 1201 2291 ’

107 2374 276 2457 exquirere
298 2373 410 2456 potui,
437 2373 525 2452 quod
544 2368 653 2434 referri
675 2370 738 2434 huo
760 2367 866 2453 poffit.
910 2371 961 2438 cf.
979 2388 1013 2445 o.
1032 2390 1066 2439 o.
1092 2372 1153 2437 ubi

108 2478 151 2539 de
173 2475 231 2537 illo
253 2488 367 2536 narrat.
416 2474 504 2534 Tum
524 2474 642 2535 mirum
656 2474 768 2555 utique
783 2475 922 2546 videtur,
951 2476 1048 2557 quod,
1076 2482 1152 2538 curn

107 2578 299 2648 Germaniae
330 2573 490 2657 sequatur,
519 2594 588 2637 non
615 2575 866 2647 Germauomm,
899 2574 950 2641 seu
975 2578 1153 2639 Raetorum

108 2678 131 2743 i.
149 2679 307 2761 Boiorum
328 2697 437 2762 regem
460 2678 624 2748 nominat,
657 2673 767 2738 fiinit
788 2676 976 2742 Ariovistus.
1028 2678 1175 2741 Mirum*

107 2800 225 2867 porro,
260 2798 316 2841 our
336 2780 519 2842 suevorum
542 2797 651 2864 regem
669 2776 761 2842 faciat
782 2779 925 2851 Plinius,
951 2768 1077 2863 quisue
1099 2782 1154 2843 rei

110 2903 153 2948 ex
167 2882 263 2953 Mela,
288 2881 342 2944 vel
357 2901 397 2942 ex
412 2879 540 2963 Nepote
555 2878 621 2962 ipio
636 2880 738 2951 duxit,
756 2893 799 2952 et,
824 2880 844 2939 [i
862 2880 926 2943 hoo
948 2882 1002 2951 est,
1019 2879 1154 2947 :dinarii

111 3005 154 3049 ex
165 3003 232 3046 uno
248 2981 337 3046 fonte
353 2997 489 3064 uterque
510 2982 643 3046 hauriat.
695 2983 786 3066 Quae
803 2984 935 3064 quidem
951 2972 1154 3047 difficultate·

110 3089 154 3153 iic
175 3087 338 3150 removeri
368 3097 401 3147 et
426 3081 588 3173 erpuini,
624 3082 903 3147 etii-coniecturae
930 3096 1153 3169 tantum'ope,

110 3187 199 3274 poffe
215 3189 378 3250 videntur.
430 3185 606 3249 Ariovistua
621 3187 759 3247 omnino
773 3204 841 3247 non
858 3188 1006 3250 omniurn
1023 3188 1154 3263 Germa·

110 3310 232 3354 norum
248 3310 303 3353 rex
316 3287 389 3358 fuit,
415 3285 465 3350 [ed
482 3289 677 3358 suevorum,
704 3307 786 3369 quos
799 3291 952 3354 maiorem
963 3289 1153 3353 Germaniae

111 3406 238 3480 partem
253 3387 440 3460 obtinuiffe‚
464 3387 586 3474 (Tacit.
607 3382 648 3452 de
668 3387 778 3451 Germ.
798 3408 825 3454 c.
843 3404 901 3472 58.
919 3387 987 3476 in.)
1011 3391 1154 3473 reliquo·
1177 3414 1181 3421 ’

111 3495 292 3561 Germanou
305 3509 442 3555 numero
453 3504 487 3552 et
498 3495 643 3575 potentia
653 3488 813 3573 snperaffe,
829 3490 958 3577 (Strabo
973 3508 1008 3572 4.
1023 3515 1056 3576 p.
1072 3515 1084 3553 ι
1093 3484 1154 3573 34.

110 3595 135 3660 i.
159 3593 256 3679 194.)
290 3610 324 3658 et
348 3593 501 3656 Rhenum
528 3592 759 3658 comitantibua
787 3594 874 3666 aliie.
915 3595 996 3658 dnoe
1021 3596 1156 3678 quidem

110 3698 289 3770 Ariovisto,
315 3679 465 3758 traneiiffe
487 3696 615 3759 constat.
643 3696 736 3775 (vid.
759 3693 878 3780 supra.)
929 3698 1017 3760 Hinc
1039 3695 1155 3760 diserte

111 3804 331 3880 D1038.54.
353 3799 515 3868 adfirmat.
546 3798 713 3861 Germania
732 3798 809 3870 illie,
838 3801 895 3882 qui
916 3799 1034 3863 Rheno
1055 3812 1157 3862 traua·
1190 3827 1192 3832 ·

111 3905 199 3969 ieoto
215 3902 333 3963 Galliae
350 3913 734 3984 partemoccupaveraut,
760 3892 953 3963 Ariovistum
976 3897 1154 3984 praeiniffe.
1209 3927 1212 3934 ·

110 4006 203 4068 Hinc
219 4002 300 4066 forte
314 4003 439 4064 Plinius
454 4001 636 4066 Suevorum
658 4003 823 4085 praetulit.
849 4016 885 4064 ot
900 4015 1029 4065 anetum
1050 4000 1157 4084 postea

111 4126 255 4195 regnum
286 4105 442 4168 indicaret
467 4102 578 4189 suique
610 4105 764 4190 temporie
795 4124 932 4172 morem.
984 4103 1156 4173 Cornelia·
