2558 4606
172 353 243 423 aaa
451 344 614 404 noran
655 344 968 427 uxaanrrcra
1031 336 1034 347 ·
1071 324 1079 371 Γ

170 516 204 585 6.
227 537 283 601 19.
300 540 333 603 p.
350 539 396 583 m.
420 530 503 601 175.
540 521 587 580 Ita
602 520 721 603 nempe
736 520 771 581 fit
782 521 879 582 etiarn
897 521 930 580 in
948 518 1030 591 aliia,
1052 530 1090 581 ut
1109 517 1226 601 Thyni.

169 624 347 706 Lamprus
362 656 411 672 -
436 636 470 684 et
491 635 600 684 contra
614 614 838 712 Boruflhanes.
881 623 980 702 Ttyte
994 624 1092 684 etiarn
1108 621 1228 683 hahent

174 726 358 788 inmundae
375 725 415 786 de
432 723 500 786 reb.
517 724 590 787 Get.
616 744 643 786 o.
666 744 696 785 r.
727 723 835 812 lsrdor.
854 724 945 808 Orig.
968 734 1024 803 ι4,
1041 725 1076 787 6.
1108 722 1226 808 Gcogr.

179 827 382 903 limeum-5,
402 841 460 906 δι.
475 839 556 888 extr.
588 825 676 886 Tilue
691 823 843 888 Aethione
858 828 892 885 in
911 823 1079 910 Colmogr.
1096 845 1129 907 p.
1141 836 1225 905 750.

170 928 459 1006 (adonicamed.
482 918 650 1006 Gronov.)
706 927 779 1008 Tyle
805 925 995 1009 adscriptum
1023 928 1057 987 in
1083 929 1228 1010 margine

179 1030 262 1093 Cod.
281 1028 365 1112 Lipl.
389 1028 446 1090 ubi
461 1030 529 1099 alia,
557 1050 654 1111 quam
669 1029 753 1099 titos,
777 1030 869 1090 fimul
885 1030 1002 1090 dicitur
1017 1030 1100 1089 etin
1115 1024 1228 1091 indiae

181 1133 312 1195 Oceano
338 1132 400 1195 fita.
462 1133 549 1215 Quae
579 1133 710 1213 quidam
732 1129 851 1193 formas
873 1130 979 1192 reiicit
1000 1132 1173 1193 Cluverius
1194 1130 1229 1190 iu

173 1233 353 1296 Germania
376 1245 442 1295 ant.
463 1247 495 1312 3,
514 1248 572 1312 39.
591 1254 623 1314 p.
641 1234 725 1296 662.
752 1234 872 1314 quippe
888 1230 1021 1294 barbaro
1038 1231 1162 1294 saeculo
1180 1228 1229 1293 in·

179 1348 305 1406 vectae,
332 1349 365 1397 at
386 1335 481 1396 unice
500 1335 615 1418 probat
641 1334 750 1398 Thule.
803 1336 937 1395 Derirat
958 1335 1033 1395 inda
1049 1334 1231 1415 stephanon

53 1478 56 1482 ι
169 1436 360 1506 Thalama,
385 1452 419 1497 et
434 1435 518 1500 forte
537 1437 695 1507 Thulites,
718 1436 806 1517 quod
820 1451 854 1497 et
865 1449 1000 1496 notante
1014 1435 1061 1495 ibi
1076 1435 1230 1499 Barkolio

174 1538 299 1622 legitur
314 1539 349 1599 iu
364 1539 523 1621 Procopio
540 1539 580 1600 da
595 1539 633 1602 tt.
650 1539 793 1600 Gothico
812 1553 844 1606 a.
867 1548 922 1612 ¹5·
962 1539 1056 1598 Vario
1077 1539 1230 1611 derivant

171 1659 318 1702 nomen:
346 1660 363 1701 a
382 1640 486 1711 Thule,
512 1642 568 1722 qui
585 1643 648 1700 toti
662 1641 809 1721 Aegypto
824 1638 955 1719 aliisque
968 1641 1058 1700 terria
1073 1639 1111 1698 ati
1131 1639 1229 1701 Ocea·

167 1762 261 1805 ‘num
276 1736 458 1822 praefuerit,
483 1739 595 1801 Suitlaa
613 1738 646 1801 h.
666 1759 699 1800 v.
728 1759 803 1800 cum
818 1759 902 1820 quo.
927 1754 1061 1801 notante
1081 1729 1229 1813 itinero.

178 1841 387 1906 consentiunt
413 1840 601 1904 Chronicon
625 1842 793 1903 Alexandr.
829 1841 961 1903 Malalaa
988 1842 1229 1916 et'Cedreuur3

72 1978 74 1984 s
167 1965 196 2007 ·a
205 1930 276 2037 soie
297 1944 407 2006 lsrdor.
422 1962 448 2002 c.
465 1943 487 2004 l.
515 1942 693 2005 Bochartue
711 1943 745 2003 in
766 1941 916 2005 Chanaan
931 1962 968 2015 t,
980 1954 1047 2026 4ο.
1066 1963 1106 2004 ex
1123 1945 1229 2007 Phoe·

175 2049 289 2109 uicum
306 2047 433 2130 lingua,
460 2058 499 2105 ut
512 2045 548 2106 iit
560 2044 646 2125 quasa
663 2043 867 2115 umbrarum,
895 2045 1098 2107 tenebrarum
1116 2044 1228 2118 inlul'a,

168 2148 267 2230 -quod
295 2125 478 2208 atenebria
507 2159 632 2208 veteres
660 2143 1126 2231 septemtrionemdeligneot.
1166 2148 1229 2211 Bo·

178 2249 288 2312 charto
310 2248 515 2329 adstipulatur
535 2248 720 2332 Schoeniug
740 2247 1092 2337 (Allg.·Welt-Gelch.
1112 2251 1153 2313 Τ.
1171 2260 1228 2331 ¹5·

176 2372 212 2436 p.
231 2346 307 2431 ¹9·)
327 2362 483 2429 quatenus
502 2346 573 2410 lolia
589 2349 808 2411 Phoenicibus
823 2353 1016 2414 innotuerat.
1050 2351 1119 2413 Alia
1137 2351 1229 2413 dabit

168 2452 357 2516 ¹Iiochartus
378 2471 405 2513 c.
430 2451 453 2513 l.
478 2452 570 2533 plura
596 2449 751 2514 Toriaeua
788 2454 822 2511 in
856 2453 963 2515 hillor.
994 2451 1107 2516 Norw.
1135 2453 1175 2516 P.
1197 2458 1244 2516 r.'

176 2550 236 2617 lib.
258 2573 287 2616 r.
306 2572 332 2615 c.
351 2564 384 2630 5.
403 2572 434 2634 p.
458 2568 513 2615 12.
540 2550 730 2616 Carlstroam
746 2553 787 2614 rie
804 2553 910 2616 Thule
928 2577 960 2638 p.
978 2572 1024 2617 ρο
1043 2553 1105 2637 sqq.
1133 2556 1226 2619 Prae·

175 2657 280 2719 torius
303 2655 344 2716 de
366 2654 443 2729 orbe
462 2655 601 2717 Gothico
620 2656 675 2716 lib.
693 2668 724 2734 5.
744 2674 811 2738 cap.
830 2668 865 2734 4.
885 2660 912 2735 §.
933 2670 964 2736 3.
984 2677 1055 2740 pag.
1074 2669 1133 2736 33.
1168 2658 1227 2738 qui

177 2741 353 2819 Gothicam
373 2775 487 2818 vocem
512 2769 634 2837 putata
654 2756 764 2828 Tuole,
796 2777 876 2837 quae
898 2759 1028 2843 longam
1043 2752 1225 2821 distantiam

169 2858 346 2944 fignificat,
380 2877 485 2939 nequa
506 2855 639 2919 insulam
663 2858 801 2939 aliquam
823 2854 912 2919 inille
936 2863 1065 2942 proprio
1088 2863 1225 2924 nomino

174 2962 220 3024 ita
241 2961 370 3023 dictam.
422 2961 469 3020 Ita
491 2959 588 3020 etiarn
605 2959 767 3022 d’Anville
786 2957 838 3018 iur
854 2960 882 3021 la
903 2962 1088 3045 navigatiou
1103 2962 1146 3025 rie
1161 2962 1225 3043 Py·

175 3062 269 3125 rheae
287 3082 319 3144 p.
335 3071 423 3140 459.
445 3061 641 3139 (Memoirea
658 3092 706 3109 -
723 3061 767 3124 ,da
780 3060 868 3123 Paria
881 3063 979 3124 Tom.
998 3064 1078 3142 57.)
1099 3083 1224 3127 noman

173 3183 244 3228 non
266 3164 451 3245 proprium,
482 3160 533 3223 iad
556 3164 784 3244 adpellatirum
803 3161 891 3224 inille
914 3163 1019 3225 caniet
1032 3164 1073 3225 da
1088 3168 1242 3250 regione,

175 3264 427 3348 septemtrionali
444 3263 524 3324 ultra
538 3264 749 3327 Britanniam.
788 3265 841 3326 Sic
855 3265 998 3344 Baycrua
1010 3267 1046 3326 in
1059 3268 1224 3349 opusculie

173 3369 326 3450 (Klotz.)
346 3385 379 3447 p.
393 3367 476 3444 246.
494 3384 563 3427 uon
579 3367 619 3428 de
635 3386 699 3428 una
716 3366 893 3446 eademque
906 3365 1005 3429 insula
1021 3368 1084 3429 hoo
1098 3384 1223 3433 nomen

171 3469 361 3550 usurpatum
393 3466 454 3528 elie
485 3480 587 3549 putat.
648 3467 868 3531 Phoenicibua
899 3482 1020 3543 autam¹
1036 3470 1221 3543 innotuiss'e‘,

175 3571 240 3632 iam
263 3571 356 3632 docet
374 3569 553 3632 Bochartua
567 3589 594 3631 c.
611 3570 633 3632 1.
658 3589 698 3631 ex
720 3565 937 3650 antiquisfimo
953 3568 1105 3652 scriptore
1122 3575 1222 3641 Anto·-

175 3668 234 3734 nio
248 3672 407 3756 Diogene,
432 3671 488 3752 qui
503 3671 603 3733 libror
620 3681 668 3754 24
684 3671 922 3733 incredibilium
938 3673 978 3733 rie
995 3672 1101 3733 Thule
1119 3673 1220 3737 infula

175 3770 350 3853 scripserat,
381 3768 476 3854 atque
498 3787 725 3856 argumentum
748 3774 880 3834 duxerat
900 3772 1157 3850 ex-Dercyllidia
1176 3788 1220 3837 ta·

172 3873 279 3944 bulis,
305 3875 403 3952 Tyri,
430 3874 599 3935 Alexandri
619 3875 719 3944 iulio,
746 3871 880 3947 effoffir,
906 3874 958 3935 uti
971 3874 1069 3936 refert
1083 3876 1219 3943 Photiuo

172 3977 258 4041 eod.
281 3972 360 4039 266.
378 3994 448 4060 pag.
469 3972 552 4054 564.
596 3975 741 4037 Versatur
761 3989 868 4037 autem
885 3988 952 4038 arat
967 3978 1169 4056 Dercyllidet
1182 3978 1218 4039 ih

171 4098 211 4144 aa
234 4075 351 4152 iniulr3
394 4097 413 4139 a
438 4075 655 4144 Phoenicibur
674 4079 746 4143 eiua
768 4078 990 4165 coguitionem
1013 4079 1055 4151 ni
1080 4078 1219 4145 Grreoor
