2558 4606
107 307 150 376 ss
183 292 185 301 '
243 260 278 371 ”,
381 252 542 359 uorsu
580 250 885 357 uxnosrrcrn

113 472 213 535 dubio
231 468 378 540 Asturum
396 474 546 555 populus.
583 473 707 533 Plinius
723 473 856 534 enimc.
872 472 893 531 l.
915 470 1051 533 omnido
1067 471 1157 533 Attu-

112 577 211 637 ticam
234 574 346 635 urbem
369 577 567 657 magnificam
590 574 735 635 Asturum
758 586 1000 634 commemorat.
1046 574 1156 635 Hodie

114 674 261 768 Afiorga.
300 678 404 759 Regio
421 672 662 736 suit'montibus
679 676 827 755 silvisque
845 675 983 744 horrida,
1002 674 1106 750 (Flos.
1121 686 1157 754 4.

121 795 177 848 12.
201 779 279 857 54.)
304 780 370 838 auri
395 777 490 847 ferax,
511 779 614 856 (Ptin.
640 792 697 855 33.
724 793 782 839 ut.
808 775 828 838 s.
847 785 882 854 4.
916 777 1013 838 Silius
1035 777 1104 839 tut.
1128 797 1180 861 ιἸ

120 883 224 958 231.)
256 883 345 958 equis
367 879 495 943 nobilis.
522 867 599 957 (sil.
623 880 691 940 ltsl.
713 893 744 957 5.
766 892 835 956 535
855 877 895 959 sq.
925 878 1080 939 Martisiis
1103 888 1159 957 14.

123 974 204 1061 i99.
226 993 259 1042 et
281 1001 359 1062 quos
376 995 553 1044 memorant
570 984 607 1041 ad
625 981 740 1043 sitium
762 976 926 1042 Drakenb.
942 966 975 1042 dt
989 981 1160 1061 Ruperti.)

117 1079 171 1146 Cf.
189 1081 317 1145 Nonius
334 1086 367 1145 in
385 1082 472 1166 Hisp.
490 1105 558 1167 cap.
574 1094 634 1165 45.
769 1084 772 1089 ’
1179 1066 1184 1073 ι

194 1282 466 1368 Adobricum)
517 1284 568 1349 cf.
585 1286 624 1346 de
640 1304 675 1348 es
691 1297 758 1346 not.
776 1284 843 1348 crit.
859 1305 891 1366 p.
907 1292 968 1365 42.
992 1297 1024 1347 et
1044 1284 1085 1347 de
1100 1284 1162 1347 flu·

118 1385 262 1449 minibus
282 1407 315 1469 p.
331 1397 379 1468 45
396 1386 435 1471 sq.
464 1460 467 1464 ,

196 1550 410 1680 Sestianus
419 1586 437 1671 )
486 1586 671 1653 Confudiss'e
694 1562 912 1659 videtur,cum
929 1587 1066 1672 Augusti
1084 1542 1163 1649 turri

12 1747 15 1752 .
118 1691 202 1771 apud
221 1690 358 1751 Ptolem.
379 1709 410 1760 2,
429 1688 462 1755 6.
486 1693 559 1779 quia
578 1690 647 1773 post
664 1690 799 1752 Nerium
824 1691 1083 1772 promontorium
1105 1711 1165 1771 po-

121 1793 188 1860 nit.
211 1790 267 1851 ubi
283 1791 347 1854 sere
365 1793 439 1853 haec
456 1790 534 1862 fuit.
558 1807 595 1853 ut
612 1791 697 1874 supra
713 1792 825 1853 Noster
841 1793 932 1854 dixit.
969 1793 1044 1853 Sine
1059 1792 1161 1854 dubio

121 1907 246 1962 autem.
273 1894 359 1975 quod
383 1895 435 1957 hic
452 1896 477 1965 I.
496 1895 680 1955 Gronovius
699 1894 769 1956 MS.
793 1915 820 1955 1.
840 1894 985 1963 monuit.
1012 1895 1163 1956 conditas

121 1990 281 2055 sueruuta
298 1999 443 2077 quodum¹
455 1997 554 2071 Sessio
570 1994 775 2071 inhonorem
793 1974 940 2078 Augusti.
966 2008 1002 2055 ut
1014 1994 1164 2057 barbaros

122 2087 184 2156 hos
204 2095 359 2178 Hispanos
384 2098 420 2157 ad
445 2088 654 2159 reverentiam
678 2097 807 2180 Augusti
833 2112 996 2178 tamquam
1021 2098 1167 2159 numinis

122 2195 186 2257 hoc
207 2198 307 2258 modo
330 2196 489 2259 adiiceret.
544 2197 699 2283 Augustus
719 2212 825 2261 sutem
847 2198 929 2259 sotus
945 2199 1084 2280 denique
1107 2213 1165 2279 po·

123 2299 186 2358 tuit
207 2298 267 2359 hos
291 2301 427 2379 populos
444 2299 590 2368 domare.
624 2303 678 2381 qui
700 2302 911 2383 popuiumsi.
934 2299 1052 2381 semper
1075 2321 1167 2360 rexs-

124 2416 254 2471 verant,
288 2413 319 2460 et
343 2401 466 2484 magnis
489 2399 576 2482 saepe
604 2400 753 2483 stragibus
776 2401 965 2464 adfecerant.
1013 2400 1167 2463 Sdlebant

124 2516 231 2562 autem
264 2500 404 2584 Augusto
440 2505 574 2584 templa,
611 2496 784 2566 sacerdotes
813 2517 844 2564 et
878 2482 1008 2587 colle'gia
1040 2501 1165 2572 sacrare.

125 2604 238 2684 quidni
258 2601 346 2687 aras?
385 2605 427 2663 Et
442 2604 480 2664 sic
494 2606 562 2665 eius
578 2625 627 2665 ara
643 2602 703 2664 suit
720 2605 881 2688 Lugduni.
906 2617 942 2665 ut
959 2618 1085 2665 narrant
1101 2605 1167 2666 Dio

126 2715 186 2785 54.
211 2719 270 2781 32.
307 2706 393 2765 Livii
422 2708 498 2786 epit.
529 2720 608 2785 157.
647 2707 789 2791 iuvenes.
816 2725 845 2776 1.
871 2715 932 2785 44.
967 2706 1099 2768 Sueton.
1131 2708 1166 2767 in

125 2805 227 2890 Calig.
246 2827 310 2888 cap.
325 2824 357 2870 2.
383 2809 471 2868 cuius
488 2799 726 2888 inscriptionem
742 2796 843 2868 sdfert
858 2808 970 2869 Strabo
985 2817 1020 2887 4.
1038 2822 1166 2890 p.133.

124 2905 248 2986 [192.
290 2910 389 2969 Vivus
412 2911 543 2990 quidem
565 2910 641 2969 haec
658 2911 690 2968 in
714 2910 889 2989 provinciis
913 2928 978 2968 non
998 2909 1055 2969 nis1
1079 2929 1168 2969 com·

106 3012 217 3099 ,mupi
239 3009 293 3071 suo
316 3024 348 3071 et
366 3008 557 3093 reipublicae
582 3013 716 3071 nomine
743 3013 864 3092 recepit
886 3009 946 3073 sec.
972 3012 1104 3073 Sueten.
1131 3012 1168 3073 in

124 3111 210 3196 Aug.
232 3132 297 3194 cap.
315 3125 372 3190 52.
409 3113 464 3174 etsr
486 3125 594 3174 contra
615 3112 759 3173 adfirmat
782 3113 889 3183 Aurel.
913 3112 996 3176 Vict.
1022 3108 1172 3177 iri-caet.

125 3233 192 3294 cap.
212 3233 243 3276 1.
271 3213 328 3273 ubi
352 3213 389 3274 cs.
410 3216 562 3283 Arntzen.
581 3213 619 3274 ad
642 3214 775 3275 Sueton.
800 3212 1010 3297 Oudendorp.
1031 3226 1064 3275 et
1086 3233 1168 3297 quos

124 3314 268 3376 laudant.
295 3315 377 3397 Quis
393 3335 470 3376 vero
484 3313 581 3376 suerit
596 3314 651 3376 ilis
668 3314 795 3384 Sestius,
813 3335 880 3377 non
897 3316 1042 3378 dixerim.
1072 3317 1169 3379 Forte

124 3413 187 3476 fnit
205 3419 247 3486 is.
274 3417 331 3496 qni
346 3415 471 3477 Octavii
488 3429 587 3478 aetate
603 3418 698 3478 variis
713 3415 807 3478 rebus
826 3416 919 3501 godis
935 3414 1097 3488 interfuit.
1118 3406 1170 3500 et,

124 3519 272 3599 quamvis
304 3517 430 3579 Octavii
459 3517 600 3599 partibus
628 3538 697 3579 non
720 3519 865 3588 deditus.
905 3532 1013 3580 tamen
1040 3519 1109 3600 post
1135 3514 1171 3580 in
1196 3572 1209 3599 Ι.

123 3622 195 3683 eius
213 3619 319 3680 locum
336 3618 444 3682 consul
464 3619 612 3681 suffectus
632 3619 684 3681 est.
704 3669 707 3674 .
724 3620 797 3683 Vid.
815 3618 1107 3705 Schweighaeuser.
1131 3620 1171 3683 ed

123 3721 260 3802 Appian.
280 3721 348 3784 Vol.
367 3737 400 3802 5.
425 3743 496 3810 pag.
513 3733 598 3802 837.
622 3735 655 3784 et
676 3721 875 3786 Freinshsm.
898 3724 933 3784 in
955 3721 1169 3808 subplement.

99 3822 213 3887 'Livii
242 3823 321 3903 136.
350 3845 381 3889 t.
436 3819 439 3823 ’

275 4027 307 4108 §.
340 4045 395 4092 so.
446 4025 628 4112 satiam)
678 4024 731 4093 Cf.
758 4040 827 4093 not.
855 4028 924 4094 crit.
948 4047 981 4113 p.
1004 4027 1066 4120 46.
