2558 4606
206 368 260 429 ru
287 366 423 429 nour.
453 366 562 427 nrt.
601 368 710 429 um.
754 338 876 435 'cru
916 372 995 447 §.u
1060 377 1122 451 aa?

77 566 150 631 cap.
171 557 227 625 15.
248 544 270 609 s.
289 562 346 609 no.
370 564 461 606 mare
481 540 613 628 putavit
634 542 695 607 else
717 541 837 611 Tabin.
882 548 1007 612 Omnes
1029 545 1122 611 enim

77 644 170 722 libri,
194 644 387 711 adfirmante
401 645 565 723 Salmafio,
587 647 719 730 legunt:
745 670 841 733 usqua
855 648 900 711 ad
914 672 1008 721 mare,
1034 648 1123 737 quod

82 747 185 813 Tabia
204 761 336 813 vocant.
382 767 517 812 votrtvr
538 746 639 810 haec:
683 746 864 834 Disputant
885 748 972 814 inte'r
996 749 1026 813 se
1049 772 1123 815 eru·

80 848 162 927 diti,
194 867 308 914 utrum
331 846 388 912 hic
410 868 507 911 mons
530 844 620 910 idem
645 850 698 920 fit,
732 866 830 937 atque
851 850 1123 936 promuntorium

80 944 269 1033 extremum
281 948 405 1023 Tauri,
429 950 519 1036 quod
532 950 604 1034 post
622 950 753 1013 Tamum
770 969 877 1021 vocat.
917 954 1040 1017 Verum
1053 952 1123 1039 ipse

77 1056 170 1118 Mela
185 1055 273 1131 hanc
294 1048 387 1114 litem
404 1048 549 1125 dirimit,
575 1072 652 1114 cum
667 1048 731 1123 ait,
757 1056 857 1139 longe
872 1056 912 1117 ab
926 1055 992 1119 hoc
1006 1068 1122 1119 monte

79 1158 233 1221 Taurum
261 1150 376 1217 adtolli
408 1169 441 1215 ct
471 1150 558 1216 inter
581 1150 691 1215 Tabin
713 1170 863 1219 montem
884 1172 918 1219 et
939 1172 1125 1223 extremum

79 1254 187 1321 Tauri
210 1250 479 1342 promuntorium
508 1256 581 1317 suos
608 1255 669 1317 else
696 1258 801 1321 Seras.
867 1258 987 1322 Serum
1011 1256 1125 1345 itaque

78 1357 179 1427 limet
195 1380 213 1421 a
231 1352 462 1443 septemtrione
479 1354 581 1418 Tabia
597 1375 705 1429 mons,
732 1379 749 1419 a
764 1356 907 1422 meridie
921 1380 1001 1424 vero
1014 1364 1142 1425 Imout-

81 1458 188 1527 Tauri
209 1454 487 1545 promuntorium.
538 1454 670 1519 Deinde
684 1460 809 1523 Vossius
831 1458 1001 1545 iufigniter
1020 1464 1127 1527 hallu·

81 1559 189 1630 cinari
206 1557 380 1625 contendit
388 1560 589 1631 Salmasnrm,
607 1556 691 1639 [vid.
702 1580 807 1625 exerc.
821 1560 909 1625 Plin.
924 1584 956 1649 p.
965 1584 1010 1628 m.
1024 1568 1128 1649 700.]

82 1662 142 1755 qui
168 1663 304 1749 operose
335 1660 503 1725 ostendere
531 1677 681 1733 conetur,
713 1660 824 1726 Tahin
849 1665 943 1729 fitum
968 1661 1062 1729 fuisse
1084 1662 1128 1728 a⁷d

81 1762 383 1854 septemtrionalem
400 1764 584 1839 Oceanum,
608 1782 677 1825 non
691 1784 771 1827 vero
788 1763 830 1828 ad
845 1768 955 1829 Eoum
968 1766 1026 1831 seu
1042 1763 1129 1832 Seri·

83 1854 173 1935 cum'.
213 1866 314 1953 Quod
328 1861 413 1927 mihi
431 1864 701 1927 contraVoffium
714 1862 857 1930 videtur.
894 1866 1037 1955 Derepit
1051 1865 1138 1950 Vos·-

83 1976 166 2037 sium
195 1970 299 2040 Colis,
331 1962 714 2055 quod'promontorium
740 1967 833 2053 supra
857 1966 1001 2055 recepit,
1027 1983 1062 2066 et
1084 1970 1129 2033 ad

83 2074 246 2159 angulum
264 2071 353 2133 Asiae
375 2083 560 2131 extremum
581 2067 693 2131 versut
708 2067 873 2133 orientem
893 2069 1000 2155 ponit.
1036 2072 1129 2137 Mela

84 2172 179 2239 enim
197 2174 285 2236 hanc
301 2166 380 2235 satit
395 2169 652 2255 progressionem
672 2168 795 2234 notatio
813 2168 980 2236 terminis:
1014 2194 1033 2235 a
1052 2174 1130 2255 Scy·

83 2274 178 2341 thico
212 2268 442 2361 promontorio
476 2272 517 2335 ad
548 2293 657 2343 mare,
702 2270 760 2337 ubi
792 2275 923 2337 Taurus
957 2260 1129 2338 adtollitur

86 2374 177 2461 (vid.
202 2372 309 2454 inlra)
341 2370 376 2435 in
400 2372 631 2459 promontorio
654 2374 773 2441 Tamo.
824 2375 907 2439 Inde
933 2376 974 2438 ab
999 2374 1130 2441 oriente

84 2474 240 2567 procedit
261 2478 301 2539 ad
318 2471 437 2541 Colida
457 2476 611 2547 demum,
637 2477 726 2538 unde
741 2496 879 2561 vergere
900 2474 1021 2563 incipit
1035 2476 1130 2544 India

85 2582 128 2645 ad
147 2576 336 2643 meridiem.
381 2578 456 2641 Hoc
483 2573 559 2641 satis
583 2568 670 2640 cl'are
690 2577 760 2662 post
786 2580 887 2641 verba
908 2580 1017 2643 Melae
1039 2566 1131 2644 evin·

77 2676 181 2760 'curru
230 2680 354 2767 Quodsi
374 2698 453 2741 vero
476 2700 493 2741 a
511 2680 618 2741 Tamo
633 2677 738 2741 Tauri
759 2696 853 2764 parte
873 2682 963 2745 Eour
977 2682 1132 2746 Oceanus

87 2784 226 2850 danum
245 2778 378 2867 incipit,
403 2776 516 2852 Tabia,
549 2799 650 2867 aquo
666 2780 707 2842 ad
722 2782 866 2843 Tamum
883 2783 979 2847 Seres
996 2780 1131 2847 interit·

78 2876 183 2959 cent,
216 2902 286 2946 non
304 2881 408 2968 potest
427 2883 537 2944 Eoum
557 2902 648 2943 mare
666 2881 826 2967 spectare,
857 2882 912 2946 sed
931 2885 1132 2968 praecederit

78 2964 296 3073 'Scyihicum
318 2999 351 3046 et
364 2978 478 3055 Tabia,
494 2998 533 3045 ut
545 2980 695 3055 nomine,
712 2981 757 3045 ita
773 2983 833 3045 suu
851 2981 963 3049 differt
978 2984 1131 3053 aTam'o.

88 3092 221 3155 Veteres
236 3084 327 3151 enim
337 3080 560 3156 crediderunt,
576 3081 769 3173 Scythicum
778 3084 961 3160 Oceanum,
978 3086 1134 3153 conversa

89 3176 312 3257 adorientem
334 3186 461 3261 fronte,
494 3182 683 3250 continuari
707 3206 784 3251 curn
806 3188 898 3258 Eoo,
933 3204 1033 3278 atque
1053 3188 1136 3253 inde

91 3288 201 3378 excipi
227 3285 499 3362 meridionalem,
532 3304 570 3350 ut
593 3290 683 3351 recte
712 3286 862 3352 adfirmat
885 3290 1056 3357 Salmasius
1078 3287 1134 3355 'vel

91 3390 267 3481 ipso'Mela
280 3388 368 3456 teste.
402 3392 492 3453 Haec
512 3392 611 3455 debet
627 3390 689 3453 elie
701 3389 808 3453 Melae
825 3390 994 3465 sententia,
1018 3383 1135 3486 utrum
1176 3450 1179 3454 ,

91 3508 187 3573 ¹vera,
213 3514 277 3557 nec
291 3514 353 3566 ne,
384 3492 426 3554 de
442 3492 507 3556 hoc
529 3514 621 3556 nunc
640 3512 710 3554 non
726 3490 915 3578 quaeritur,
938 3492 995 3557 sed
1012 3512 1047 3561 et
1064 3490 1134 3583 ipsa

92 3595 208 3672 facile,
235 3591 393 3659 adhibitis
416 3591 534 3657 nostrie
555 3590 694 3667 tabulis,
720 3591 921 3659 decernitur.

169 3798 308 3885 Seres)
347 3800 373 3863 t
388 3796 456 3872 Ser,
475 3795 534 3885 qui
551 3794 776 3862 nominativus
789 3794 952 3885 reperitur
965 3796 1003 3863 in
1018 3796 1134 3867 Sidon.

95 3902 336 3989 Ap011.5,45.
360 3901 416 3963 Ser
433 3900 547 3964 vetlem
561 3892 648 3993 fert.
696 3900 793 3965 Falso
816 3898 966 3963 enimin
995 3904 1134 3965 Lucano

100 4024 131 4083 r,
153 4024 206 4087 19.
223 4006 310 4067 Seres
332 4004 526 4087 singularem
548 4004 610 4065 else
627 4018 827 4087 putaverunt
844 4000 981 4067 Serriur
997 4019 1032 4067 et
1046 4004 1136 4067 Vale·

96 4102 163 4168 ritu
184 4106 331 4177 Probut,
366 4118 406 4169 ut
423 4102 524 4169 docet
537 4100 588 4169 ibi
603 4103 818 4193 Oudendorp.
835 4106 945 4197 Σῆρα
968 4096 1006 4171 iit
1022 4107 1136 4171 veter·
