<?xml version="1.0" encoding="UTF-8"?>
<!DOCTYPE html PUBLIC "-//W3C//DTD XHTML 1.0 Transitional//EN"
    "http://www.w3.org/TR/xhtml1/DTD/xhtml1-transitional.dtd">
<html xmlns="http://www.w3.org/1999/xhtml" xml:lang="en" lang="en">
 <head>
  <title>
</title>
<meta http-equiv="Content-Type" content="text/html;charset=utf-8" />
  <meta name='ocr-system' content='tesseract 3.04.00' />
  <meta name='ocr-capabilities' content='ocr_page ocr_carea ocr_par ocr_line ocrx_word'/>
</head>
<body>
  <div class='ocr_page' id='page_1' title='image "./desitvorbislibr01melagoog/desitvorbislibr01melagoog_0076.png"; bbox 0 0 2558 4606; ppageno 0'>
   <div class='ocr_carea' id='block_1_1' title="bbox 252 323 1160 405">
    <p class='ocr_par' dir='ltr' id='par_1_1' title="bbox 252 323 1160 405">
     <span class='ocr_line' id='line_1_1' title="bbox 252 323 1160 405; baseline 0.002 -25"><span class='ocrx_word' id='word_1_1' title='bbox 252 325 305 383; x_wconf 83' lang='lat' dir='ltr'><strong>ru</strong></span> <span class='ocrx_word' id='word_1_2' title='bbox 332 323 471 383; x_wconf 80' lang='lat' dir='ltr'><strong>roure.</strong></span> <span class='ocrx_word' id='word_1_3' title='bbox 499 325 606 383; x_wconf 78' lang='lat' dir='ltr'><strong>nrt..</strong></span> <span class='ocrx_word' id='word_1_4' title='bbox 647 326 757 382; x_wconf 66' lang='lat' dir='ltr'><strong>cur.</strong></span> <span class='ocrx_word' id='word_1_5' title='bbox 799 326 894 387; x_wconf 81' lang='lat' dir='ltr'><strong>cn.</strong></span> <span class='ocrx_word' id='word_1_6' title='bbox 935 324 1015 397; x_wconf 71' lang='lat' dir='ltr'><strong>tr·</strong></span> <span class='ocrx_word' id='word_1_7' title='bbox 1119 323 1160 405; x_wconf 66' lang='grc' dir='ltr'><strong>ορ</strong></span> 
     </span>
    </p>
   </div>
   <div class='ocr_carea' id='block_1_2' title="bbox 114 498 1163 1985">
    <p class='ocr_par' dir='ltr' id='par_1_2' title="bbox 114 498 1163 1985">
     <span class='ocr_line' id='line_1_2' title="bbox 117 498 1162 584; baseline 0 -23"><span class='ocrx_word' id='word_1_8' title='bbox 117 498 299 570; x_wconf 81' lang='lat' dir='ltr'><strong>Santones,</strong></span> <span class='ocrx_word' id='word_1_9' title='bbox 325 498 504 581; x_wconf 79' lang='lat' dir='ltr'><em>Bituriges,</em></span> <span class='ocrx_word' id='word_1_10' title='bbox 528 498 705 584; x_wconf 65' lang='lat' dir='ltr'><strong>postremos</strong></span> <span class='ocrx_word' id='word_1_11' title='bbox 727 500 825 563; x_wconf 80' lang='lat' dir='ltr'><strong>etiem</strong></span> <span class='ocrx_word' id='word_1_12' title='bbox 845 500 995 583; x_wconf 72' lang='lat' dir='ltr'><strong>deinceps</strong></span> <span class='ocrx_word' id='word_1_13' title='bbox 1013 500 1162 562; x_wconf 72' lang='lat' dir='ltr'><strong>Santoni·</strong></span> 
     </span>
     <span class='ocr_line' id='line_1_3' title="bbox 117 598 1161 687; baseline 0.004 -26"><span class='ocrx_word' id='word_1_14' title='bbox 117 600 178 662; x_wconf 83' lang='lat' dir='ltr'><strong>bue</strong></span> <span class='ocrx_word' id='word_1_15' title='bbox 203 598 367 686; x_wconf 75' lang='lat' dir='ltr'><strong>subiungit</strong></span> <span class='ocrx_word' id='word_1_16' title='bbox 389 602 472 665; x_wconf 85' lang='lat' dir='ltr'><strong>Plin.</strong></span> <span class='ocrx_word' id='word_1_17' title='bbox 487 612 522 681; x_wconf 73' lang='lat'><strong>4,</strong></span> <span class='ocrx_word' id='word_1_18' title='bbox 542 616 599 681; x_wconf 78' lang='lat'><strong>33.</strong></span> <span class='ocrx_word' id='word_1_19' title='bbox 623 601 643 663; x_wconf 85' lang='lat' dir='ltr'><strong>i.</strong></span> <span class='ocrx_word' id='word_1_20' title='bbox 667 618 723 681; x_wconf 81' lang='lat'><strong>19.</strong></span> <span class='ocrx_word' id='word_1_21' title='bbox 782 600 983 687; x_wconf 81' lang='lat' dir='ltr'><strong>Nouigitut</strong></span> <span class='ocrx_word' id='word_1_22' title='bbox 1007 605 1041 664; x_wconf 90' lang='lat' dir='ltr'><strong>iu</strong></span> <span class='ocrx_word' id='word_1_23' title='bbox 1072 615 1161 665; x_wconf 79' lang='lat' dir='ltr'><strong>tanto</strong></span> 
     </span>
     <span class='ocr_line' id='line_1_4' title="bbox 118 699 1163 790; baseline 0.002 -26"><span class='ocrx_word' id='word_1_24' title='bbox 118 716 286 765; x_wconf 85' lang='lat' dir='ltr'><strong>ructorum</strong></span> <span class='ocrx_word' id='word_1_25' title='bbox 315 699 467 765; x_wconf 76' lang='lat' dir='ltr'><strong>consenso</strong></span> <span class='ocrx_word' id='word_1_26' title='bbox 496 705 623 787; x_wconf 83' lang='lat' dir='ltr'>proprie</span> <span class='ocrx_word' id='word_1_27' title='bbox 647 717 679 766; x_wconf 92' lang='lat' dir='ltr'><strong>et</strong></span> <span class='ocrx_word' id='word_1_28' title='bbox 701 703 912 790; x_wconf 81' lang='lat' dir='ltr'><strong>geographico</strong></span> <span class='ocrx_word' id='word_1_29' title='bbox 933 704 1163 788; x_wconf 76' lang='lat' dir='ltr'><strong>intelligendu·</strong></span> 
     </span>
     <span class='ocr_line' id='line_1_5' title="bbox 117 802 1160 877; baseline 0.001 -13"><span class='ocrx_word' id='word_1_30' title='bbox 117 804 249 866; x_wconf 83' lang='lat' dir='ltr'><strong>videtur</strong></span> <span class='ocrx_word' id='word_1_31' title='bbox 272 805 333 867; x_wconf 86' lang='lat' dir='ltr'><strong>lui.</strong></span> <span class='ocrx_word' id='word_1_32' title='bbox 358 802 446 867; x_wconf 76' lang='lat' dir='ltr'><strong>Coei.</strong></span> <span class='ocrx_word' id='word_1_33' title='bbox 468 804 509 865; x_wconf 87' lang='lat' dir='ltr'><strong>de</strong></span> <span class='ocrx_word' id='word_1_34' title='bbox 532 804 570 866; x_wconf 85' lang='lat' dir='ltr'><strong>B.</strong></span> <span class='ocrx_word' id='word_1_35' title='bbox 598 806 638 869; x_wconf 85' lang='lat' dir='ltr'><strong>G.</strong></span> <span class='ocrx_word' id='word_1_36' title='bbox 667 826 696 877; x_wconf 85' lang='lat' dir='ltr'><strong>t.</strong></span> <span class='ocrx_word' id='word_1_37' title='bbox 716 826 777 868; x_wconf 77' lang='lat' dir='ltr'><strong>uo.</strong></span> <span class='ocrx_word' id='word_1_38' title='bbox 802 806 849 867; x_wconf 87' lang='lat' dir='ltr'><strong>in.</strong></span> <span class='ocrx_word' id='word_1_39' title='bbox 884 806 940 866; x_wconf 86' lang='lat' dir='ltr'><strong>ubi</strong></span> <span class='ocrx_word' id='word_1_40' title='bbox 965 807 1061 874; x_wconf 84' lang='lat' dir='ltr'><strong>dicit,</strong></span> <span class='ocrx_word' id='word_1_41' title='bbox 1094 825 1160 867; x_wconf 87' lang='lat' dir='ltr'><strong>non</strong></span> 
     </span>
     <span class='ocr_line' id='line_1_6' title="bbox 118 896 1158 999; baseline 0.002 -34"><span class='ocrx_word' id='word_1_42' title='bbox 118 904 210 985; x_wconf 76' lang='lat' dir='ltr'><strong>iunge</strong></span> <span class='ocrx_word' id='word_1_43' title='bbox 235 926 259 965; x_wconf 84' lang='lat' dir='ltr'><em>a</em></span> <span class='ocrx_word' id='word_1_44' title='bbox 286 896 480 998; x_wconf 65' lang='lat' dir='ltr'><strong>Tolosatium</strong></span> <span class='ocrx_word' id='word_1_45' title='bbox 500 905 623 999; x_wconf 80' lang='lat' dir='ltr'><strong>fluibus</strong></span> <span class='ocrx_word' id='word_1_46' title='bbox 648 898 764 995; x_wconf 70' lang='lat' dir='ltr'><strong>cbrffi,</strong></span> <span class='ocrx_word' id='word_1_47' title='bbox 797 926 880 989; x_wconf 75' lang='lat' dir='ltr'><strong>quoe</strong></span> <span class='ocrx_word' id='word_1_48' title='bbox 913 909 1025 970; x_wconf 83' lang='lat' dir='ltr'><strong>civiter</strong></span> <span class='ocrx_word' id='word_1_49' title='bbox 1053 904 1097 969; x_wconf 74' lang='lat' dir='ltr'><strong>est</strong></span> <span class='ocrx_word' id='word_1_50' title='bbox 1121 907 1158 967; x_wconf 90' lang='lat' dir='ltr'><strong>iu</strong></span> 
     </span>
     <span class='ocr_line' id='line_1_7' title="bbox 116 1006 1160 1090; baseline -0.002 -19"><span class='ocrx_word' id='word_1_51' title='bbox 116 1006 308 1076; x_wconf 78' lang='lat' dir='ltr'><strong>Provincia,</strong></span> <span class='ocrx_word' id='word_1_52' title='bbox 336 1026 396 1067; x_wconf 82' lang='lat' dir='ltr'><strong>nec</strong></span> <span class='ocrx_word' id='word_1_53' title='bbox 412 1026 495 1087; x_wconf 83' lang='lat' dir='ltr'><strong>opor</strong></span> <span class='ocrx_word' id='word_1_54' title='bbox 511 1008 553 1071; x_wconf 80' lang='lat' dir='ltr'><strong>eii</strong></span> <span class='ocrx_word' id='word_1_55' title='bbox 575 1008 812 1090; x_wconf 76' lang='lat' dir='ltr'><strong>euplicutioup.¹</strong></span> <span class='ocrx_word' id='word_1_56' title='bbox 824 1029 919 1089; x_wconf 89' lang='lat' dir='ltr'><strong>quom</strong></span> <span class='ocrx_word' id='word_1_57' title='bbox 942 1008 1043 1071; x_wconf 76' lang='lat' dir='ltr'><strong>adfert</strong></span> <span class='ocrx_word' id='word_1_58' title='bbox 1061 1008 1160 1071; x_wconf 76' lang='lat' dir='ltr'><strong>ti’Au·</strong></span> 
     </span>
     <span class='ocr_line' id='line_1_8' title="bbox 117 1107 1158 1195; baseline 0.002 -26"><span class='ocrx_word' id='word_1_59' title='bbox 117 1108 194 1171; x_wconf 85' lang='lat' dir='ltr'><strong>ville</strong></span> <span class='ocrx_word' id='word_1_60' title='bbox 209 1129 243 1190; x_wconf 89' lang='lat' dir='ltr'><strong>p.</strong></span> <span class='ocrx_word' id='word_1_61' title='bbox 261 1108 344 1185; x_wconf 83' lang='lat'><strong>576.</strong></span> <span class='ocrx_word' id='word_1_62' title='bbox 360 1128 388 1171; x_wconf 88' lang='lat' dir='ltr'><strong>c.</strong></span> <span class='ocrx_word' id='word_1_63' title='bbox 405 1108 427 1170; x_wconf 86' lang='lat'><strong>1.</strong></span> <span class='ocrx_word' id='word_1_64' title='bbox 454 1128 515 1189; x_wconf 82' lang='lat' dir='ltr'><strong>que</strong></span> <span class='ocrx_word' id='word_1_65' title='bbox 537 1110 669 1191; x_wconf 77' lang='lat' dir='ltr'><strong>probare</strong></span> <span class='ocrx_word' id='word_1_66' title='bbox 687 1112 812 1180; x_wconf 85' lang='lat' dir='ltr'><strong>nititur,</strong></span> <span class='ocrx_word' id='word_1_67' title='bbox 835 1128 955 1195; x_wconf 75' lang='lat' dir='ltr'><strong>pagum</strong></span> <span class='ocrx_word' id='word_1_68' title='bbox 970 1107 1158 1175; x_wconf 75' lang='lat' dir='ltr'><strong>tianensem</strong></span> 
     </span>
     <span class='ocr_line' id='line_1_9' title="bbox 117 1210 1157 1295; baseline 0 -22"><span class='ocrx_word' id='word_1_69' title='bbox 117 1212 154 1274; x_wconf 82' lang='lat' dir='ltr'><strong>td</strong></span> <span class='ocrx_word' id='word_1_70' title='bbox 171 1210 331 1272; x_wconf 73' lang='lat' dir='ltr'>Santonon</span> <span class='ocrx_word' id='word_1_71' title='bbox 348 1210 429 1271; x_wconf 87' lang='lat' dir='ltr'><strong>olim</strong></span> <span class='ocrx_word' id='word_1_72' title='bbox 453 1211 486 1271; x_wconf 84' lang='lat' dir='ltr'><strong>in</strong></span> <span class='ocrx_word' id='word_1_73' title='bbox 504 1213 599 1273; x_wconf 87' lang='lat' dir='ltr'><strong>rebue</strong></span> <span class='ocrx_word' id='word_1_74' title='bbox 619 1212 826 1274; x_wconf 80' lang='lat' dir='ltr'><strong>ecclefiesticie</strong></span> <span class='ocrx_word' id='word_1_75' title='bbox 846 1212 1041 1295; x_wconf 58' lang='lat' dir='ltr'><strong>pertinum,</strong></span> <span class='ocrx_word' id='word_1_76' title='bbox 1064 1211 1157 1273; x_wconf 70' lang='lat' dir='ltr'><strong>Vele-</strong></span> 
     </span>
     <span class='ocr_line' id='line_1_10' title="bbox 116 1309 1157 1396; baseline -0.002 -21"><span class='ocrx_word' id='word_1_77' title='bbox 116 1312 174 1375; x_wconf 86' lang='lat' dir='ltr'><strong>iiue</strong></span> <span class='ocrx_word' id='word_1_78' title='bbox 197 1330 270 1395; x_wconf 77' lang='lat' dir='ltr'><strong>pag.</strong></span> <span class='ocrx_word' id='word_1_79' title='bbox 285 1324 372 1389; x_wconf 75' lang='lat'><strong>502.</strong></span> <span class='ocrx_word' id='word_1_80' title='bbox 397 1313 440 1373; x_wconf 84' lang='lat' dir='ltr'><strong>ite</strong></span> <span class='ocrx_word' id='word_1_81' title='bbox 462 1309 624 1375; x_wconf 71' lang='lat' dir='ltr'><strong>Caesarem</strong></span> <span class='ocrx_word' id='word_1_82' title='bbox 646 1325 770 1384; x_wconf 85' lang='lat' dir='ltr'><strong>tuetur,</strong></span> <span class='ocrx_word' id='word_1_83' title='bbox 807 1326 929 1375; x_wconf 88' lang='lat' dir='ltr'><strong>utnon</strong></span> <span class='ocrx_word' id='word_1_84' title='bbox 954 1315 1046 1395; x_wconf 81' lang='lat' dir='ltr'><strong>longe</strong></span> <span class='ocrx_word' id='word_1_85' title='bbox 1071 1310 1157 1396; x_wconf 79' lang='lat' dir='ltr'><strong>epod</strong></span> 
     </span>
     <span class='ocr_line' id='line_1_11' title="bbox 116 1412 1154 1497; baseline 0.002 -22"><span class='ocrx_word' id='word_1_86' title='bbox 116 1412 210 1475; x_wconf 89' lang='lat' dir='ltr'><strong>illurn</strong></span> <span class='ocrx_word' id='word_1_87' title='bbox 235 1412 389 1495; x_wconf 78' lang='lat' dir='ltr'><strong>fignificet</strong></span> <span class='ocrx_word' id='word_1_88' title='bbox 409 1414 515 1485; x_wconf 80' lang='lat' dir='ltr'><strong>idem,</strong></span> <span class='ocrx_word' id='word_1_89' title='bbox 540 1416 626 1497; x_wconf 87' lang='lat' dir='ltr'><strong>quod</strong></span> <span class='ocrx_word' id='word_1_90' title='bbox 647 1436 711 1477; x_wconf 84' lang='lat' dir='ltr'><strong>nou</strong></span> <span class='ocrx_word' id='word_1_91' title='bbox 728 1417 779 1475; x_wconf 81' lang='lat' dir='ltr'><strong>ita</strong></span> <span class='ocrx_word' id='word_1_92' title='bbox 800 1414 901 1495; x_wconf 80' lang='lat' dir='ltr'><strong>louge.</strong></span> <span class='ocrx_word' id='word_1_93' title='bbox 939 1415 1064 1478; x_wconf 85' lang='lat' dir='ltr'><strong>Piiuiue</strong></span> <span class='ocrx_word' id='word_1_94' title='bbox 1079 1434 1109 1480; x_wconf 86' lang='lat' dir='ltr'><strong>c.</strong></span> <span class='ocrx_word' id='word_1_95' title='bbox 1129 1414 1154 1477; x_wconf 83' lang='lat' dir='ltr'><strong>l.</strong></span> 
     </span>
     <span class='ocr_line' id='line_1_12' title="bbox 115 1512 1155 1579; baseline 0 -2"><span class='ocrx_word' id='word_1_96' title='bbox 115 1512 224 1577; x_wconf 71' lang='lat' dir='ltr'><strong>liberos</strong></span> <span class='ocrx_word' id='word_1_97' title='bbox 242 1529 349 1577; x_wconf 79' lang='lat' dir='ltr'><strong>vocat.</strong></span> <span class='ocrx_word' id='word_1_98' title='bbox 401 1516 665 1579; x_wconf 71' lang='lat' dir='ltr'><strong>Conmemorant</strong></span> <span class='ocrx_word' id='word_1_99' title='bbox 687 1529 795 1577; x_wconf 86' lang='lat' dir='ltr'><strong>eutem</strong></span> <span class='ocrx_word' id='word_1_100' title='bbox 817 1516 953 1577; x_wconf 91' lang='lat' dir='ltr'><strong>nuncin</strong></span> <span class='ocrx_word' id='word_1_101' title='bbox 975 1516 1036 1577; x_wconf 90' lang='lat' dir='ltr'><strong>hoc</strong></span> <span class='ocrx_word' id='word_1_102' title='bbox 1053 1530 1155 1579; x_wconf 77' lang='lat' dir='ltr'><strong>tractu</strong></span> 
     </span>
     <span class='ocr_line' id='line_1_13' title="bbox 115 1617 1155 1703; baseline 0.003 -27"><span class='ocrx_word' id='word_1_103' title='bbox 115 1628 249 1699; x_wconf 89' lang='lat' dir='ltr'><strong>pontem</strong></span> <span class='ocrx_word' id='word_1_104' title='bbox 267 1617 406 1677; x_wconf 79' lang='lat' dir='ltr'><strong>Romani</strong></span> <span class='ocrx_word' id='word_1_105' title='bbox 423 1621 525 1699; x_wconf 81' lang='lat' dir='ltr'><strong>operio</strong></span> <span class='ocrx_word' id='word_1_106' title='bbox 541 1619 716 1703; x_wconf 80' lang='lat' dir='ltr'><strong>egregium.</strong></span> <span class='ocrx_word' id='word_1_107' title='bbox 769 1617 849 1680; x_wconf 84' lang='lat' dir='ltr'><strong>lude</strong></span> <span class='ocrx_word' id='word_1_108' title='bbox 864 1636 943 1681; x_wconf 74' lang='lat' dir='ltr'><strong>vero</strong></span> <span class='ocrx_word' id='word_1_109' title='bbox 959 1618 1155 1679; x_wconf 71' lang='lat' dir='ltr'><strong>Stratonicus</strong></span> 
     </span>
     <span class='ocr_line' id='line_1_14' title="bbox 116 1715 1150 1801; baseline 0.002 -22"><span class='ocrx_word' id='word_1_110' title='bbox 116 1718 296 1786; x_wconf 80' lang='lat' dir='ltr'><strong>derivetur,</strong></span> <span class='ocrx_word' id='word_1_111' title='bbox 328 1718 415 1799; x_wconf 87' lang='lat' dir='ltr'><strong>quod</strong></span> <span class='ocrx_word' id='word_1_112' title='bbox 436 1715 544 1800; x_wconf 71' lang='lat' dir='ltr'><strong>pelium</strong></span> <span class='ocrx_word' id='word_1_113' title='bbox 566 1720 720 1789; x_wconf 85' lang='lat' dir='ltr'><strong>occurrit,</strong></span> <span class='ocrx_word' id='word_1_114' title='bbox 752 1732 789 1778; x_wconf 90' lang='lat' dir='ltr'><strong>ut</strong></span> <span class='ocrx_word' id='word_1_115' title='bbox 810 1720 895 1801; x_wconf 78' lang='lat' dir='ltr'><strong>epod</strong></span> <span class='ocrx_word' id='word_1_116' title='bbox 918 1716 1037 1781; x_wconf 78' lang='lat' dir='ltr'><strong>Atrion.</strong></span> <span class='ocrx_word' id='word_1_117' title='bbox 1061 1717 1150 1799; x_wconf 83' lang='lat' dir='ltr'><strong>epist.</strong></span> 
     </span>
     <span class='ocr_line' id='line_1_15' title="bbox 119 1819 1151 1905; baseline 0 -26"><span class='ocrx_word' id='word_1_118' title='bbox 119 1828 171 1899; x_wconf 51' lang='grc' dir='ltr'><strong>ιφ</strong></span> <span class='ocrx_word' id='word_1_119' title='bbox 188 1820 237 1882; x_wconf 88' lang='lat' dir='ltr'><strong>in.</strong></span> <span class='ocrx_word' id='word_1_120' title='bbox 265 1820 557 1901; x_wconf 74' lang='lat' dir='ltr'><strong>luvenoi.8,145.</strong></span> <span class='ocrx_word' id='word_1_121' title='bbox 583 1841 602 1883; x_wconf 91' lang='lat' dir='ltr'><strong>o</strong></span> <span class='ocrx_word' id='word_1_122' title='bbox 624 1833 783 1905; x_wconf 84' lang='lat' dir='ltr'><strong>correpto,</strong></span> <span class='ocrx_word' id='word_1_123' title='bbox 807 1819 863 1881; x_wconf 77' lang='lat' dir='ltr'><strong>etsi</strong></span> <span class='ocrx_word' id='word_1_124' title='bbox 885 1820 1033 1903; x_wconf 84' lang='lat' dir='ltr'>producit</span> <span class='ocrx_word' id='word_1_125' title='bbox 1053 1821 1151 1881; x_wconf 86' lang='lat' dir='ltr'><strong>etiem</strong></span> 
     </span>
     <span class='ocr_line' id='line_1_16' title="bbox 114 1918 579 1985; baseline 0 0"><span class='ocrx_word' id='word_1_126' title='bbox 114 1918 232 1985; x_wconf 77' lang='lat' dir='ltr'><strong>tuton.</strong></span> <span class='ocrx_word' id='word_1_127' title='bbox 254 1920 288 1982; x_wconf 89' lang='lat' dir='ltr'><strong>in</strong></span> <span class='ocrx_word' id='word_1_128' title='bbox 304 1920 460 1984; x_wconf 80' lang='lat' dir='ltr'><strong>Perentei.</strong></span> <span class='ocrx_word' id='word_1_129' title='bbox 480 1936 539 1985; x_wconf 66' lang='grc' dir='ltr'><strong>αι.</strong></span> <span class='ocrx_word' id='word_1_130' title='bbox 556 1920 579 1985; x_wconf 87' lang='lat' dir='ltr'><strong>f.</strong></span> 
     </span>
    </p>
   </div>
   <div class='ocr_carea' id='block_1_3' title="bbox 108 2114 1162 4141">
    <p class='ocr_par' dir='ltr' id='par_1_3' title="bbox 108 2114 1162 4141">
     <span class='ocr_line' id='line_1_17' title="bbox 124 2114 1157 2215; baseline 0 -30"><span class='ocrx_word' id='word_1_131' title='bbox 124 2152 127 2157; x_wconf 95' lang='lat'>·</span> <span class='ocrx_word' id='word_1_132' title='bbox 187 2114 412 2215; x_wconf 77' lang='lat' dir='ltr'><em>osismios)</em></span> <span class='ocrx_word' id='word_1_133' title='bbox 437 2126 485 2186; x_wconf 85' lang='lat' dir='ltr'><strong>De</strong></span> <span class='ocrx_word' id='word_1_134' title='bbox 499 2123 653 2187; x_wconf 73' lang='lat' dir='ltr'><strong>scribendi</strong></span> <span class='ocrx_word' id='word_1_135' title='bbox 666 2126 817 2187; x_wconf 73' lang='lat' dir='ltr'><strong>verietate</strong></span> <span class='ocrx_word' id='word_1_136' title='bbox 834 2120 874 2186; x_wconf 84' lang='lat' dir='ltr'><strong>cf.</strong></span> <span class='ocrx_word' id='word_1_137' title='bbox 884 2134 954 2185; x_wconf 88' lang='lat' dir='ltr'><strong>not.</strong></span> <span class='ocrx_word' id='word_1_138' title='bbox 965 2121 1034 2185; x_wconf 87' lang='lat' dir='ltr'><strong>crit.</strong></span> <span class='ocrx_word' id='word_1_139' title='bbox 1044 2143 1077 2206; x_wconf 88' lang='lat' dir='ltr'><strong>p.</strong></span> <span class='ocrx_word' id='word_1_140' title='bbox 1088 2130 1157 2197; x_wconf 82' lang='lat'><strong>80.-</strong></span> 
     </span>
     <span class='ocr_line' id='line_1_18' title="bbox 113 2222 1149 2311; baseline -0.002 -22"><span class='ocrx_word' id='word_1_141' title='bbox 113 2226 220 2311; x_wconf 77' lang='lat' dir='ltr'><strong>Vulgo</strong></span> <span class='ocrx_word' id='word_1_142' title='bbox 239 2226 301 2286; x_wconf 88' lang='lat' dir='ltr'><strong>illie</strong></span> <span class='ocrx_word' id='word_1_143' title='bbox 323 2224 472 2285; x_wconf 82' lang='lat' dir='ltr'><strong>tribuunt</strong></span> <span class='ocrx_word' id='word_1_144' title='bbox 496 2224 750 2307; x_wconf 75' lang='lat' dir='ltr'><strong>septemtrionale</strong></span> <span class='ocrx_word' id='word_1_145' title='bbox 773 2228 849 2288; x_wconf 83' lang='lat' dir='ltr'><strong>lituo</strong></span> <span class='ocrx_word' id='word_1_146' title='bbox 865 2224 1048 2287; x_wconf 80' lang='lat' dir='ltr'><strong>Britanniae</strong></span> <span class='ocrx_word' id='word_1_147' title='bbox 1068 2222 1149 2287; x_wconf 79' lang='lat' dir='ltr'><strong>infe·</strong></span> 
     </span>
     <span class='ocr_line' id='line_1_19' title="bbox 112 2327 1150 2409; baseline -0.002 -22"><span class='ocrx_word' id='word_1_148' title='bbox 112 2328 214 2391; x_wconf 79' lang='lat' dir='ltr'><strong>riorie.</strong></span> <span class='ocrx_word' id='word_1_149' title='bbox 265 2328 309 2393; x_wconf 79' lang='lat' dir='ltr'><strong>At</strong></span> <span class='ocrx_word' id='word_1_150' title='bbox 334 2342 443 2388; x_wconf 82' lang='lat' dir='ltr'><strong>contra</strong></span> <span class='ocrx_word' id='word_1_151' title='bbox 473 2327 639 2391; x_wconf 78' lang='lat' dir='ltr'><strong>d’Anvilie</strong></span> <span class='ocrx_word' id='word_1_152' title='bbox 661 2348 693 2409; x_wconf 87' lang='lat' dir='ltr'><strong>p.</strong></span> <span class='ocrx_word' id='word_1_153' title='bbox 720 2340 803 2405; x_wconf 76' lang='lat'><strong>508.</strong></span> <span class='ocrx_word' id='word_1_154' title='bbox 823 2328 1009 2397; x_wconf 85' lang='lat' dir='ltr'><strong>contendit,</strong></span> <span class='ocrx_word' id='word_1_155' title='bbox 1042 2339 1150 2388; x_wconf 87' lang='lat' dir='ltr'><strong>totum</strong></span> 
     </span>
     <span class='ocr_line' id='line_1_20' title="bbox 114 2426 1150 2510; baseline 0 -21"><span class='ocrx_word' id='word_1_156' title='bbox 114 2428 193 2490; x_wconf 83' lang='lat' dir='ltr'><strong>iliud</strong></span> <span class='ocrx_word' id='word_1_157' title='bbox 215 2430 310 2497; x_wconf 79' lang='lat' dir='ltr'><strong>lituo.</strong></span> <span class='ocrx_word' id='word_1_158' title='bbox 336 2448 395 2509; x_wconf 80' lang='lat' dir='ltr'><strong>quo</strong></span> <span class='ocrx_word' id='word_1_159' title='bbox 421 2443 521 2510; x_wconf 78' lang='lat' dir='ltr'><strong>potet.</strong></span> <span class='ocrx_word' id='word_1_160' title='bbox 551 2430 698 2500; x_wconf 72' lang='lat' dir='ltr'><strong>teunffle,</strong></span> <span class='ocrx_word' id='word_1_161' title='bbox 724 2433 767 2490; x_wconf 86' lang='lat' dir='ltr'><strong>ita</strong></span> <span class='ocrx_word' id='word_1_162' title='bbox 782 2441 820 2489; x_wconf 89' lang='lat' dir='ltr'><strong>ut</strong></span> <span class='ocrx_word' id='word_1_163' title='bbox 841 2426 999 2491; x_wconf 72' lang='lat' dir='ltr'><strong>dioeceses</strong></span> <span class='ocrx_word' id='word_1_164' title='bbox 1017 2427 1150 2497; x_wconf 52' lang='lat' dir='ltr'><strong>uitium</strong></span> 
     </span>
     <span class='ocr_line' id='line_1_21' title="bbox 113 2528 1148 2614; baseline 0 -23"><span class='ocrx_word' id='word_1_165' title='bbox 113 2531 272 2613; x_wconf 81' lang='lat' dir='ltr'><strong>Quiruper</strong></span> <span class='ocrx_word' id='word_1_166' title='bbox 288 2542 320 2591; x_wconf 90' lang='lat' dir='ltr'><strong>et</strong></span> <span class='ocrx_word' id='word_1_167' title='bbox 339 2530 428 2591; x_wconf 83' lang='lat' dir='ltr'><strong>Leon</strong></span> <span class='ocrx_word' id='word_1_168' title='bbox 443 2530 481 2590; x_wconf 83' lang='lat' dir='ltr'><strong>od</strong></span> <span class='ocrx_word' id='word_1_169' title='bbox 497 2531 651 2593; x_wconf 82' lang='lat' dir='ltr'><strong>Oiienrioe</strong></span> <span class='ocrx_word' id='word_1_170' title='bbox 672 2528 780 2592; x_wconf 79' lang='lat' dir='ltr'><strong>referri</strong></span> <span class='ocrx_word' id='word_1_171' title='bbox 795 2529 942 2591; x_wconf 79' lang='lat' dir='ltr'><strong>debeant.</strong></span> <span class='ocrx_word' id='word_1_172' title='bbox 978 2529 1148 2614; x_wconf 85' lang='lat' dir='ltr'><strong>Oppidum</strong></span> 
     </span>
     <span class='ocr_line' id='line_1_22' title="bbox 111 2630 1148 2713; baseline -0.002 -20"><span class='ocrx_word' id='word_1_173' title='bbox 111 2632 238 2694; x_wconf 82' lang='lat' dir='ltr'><strong>illorum</strong></span> <span class='ocrx_word' id='word_1_174' title='bbox 260 2630 476 2711; x_wconf 73' lang='lat' dir='ltr'><strong>Vorganium,</strong></span> <span class='ocrx_word' id='word_1_175' title='bbox 502 2634 588 2713; x_wconf 86' lang='lat' dir='ltr'><strong>quod</strong></span> <span class='ocrx_word' id='word_1_176' title='bbox 607 2645 765 2693; x_wconf 81' lang='lat' dir='ltr'><strong>memorat</strong></span> <span class='ocrx_word' id='word_1_177' title='bbox 779 2630 918 2694; x_wconf 79' lang='lat' dir='ltr'><strong>Ptolem.</strong></span> <span class='ocrx_word' id='word_1_178' title='bbox 938 2648 969 2701; x_wconf 80' lang='lat' dir='ltr'><strong>u,</strong></span> <span class='ocrx_word' id='word_1_179' title='bbox 985 2643 1019 2709; x_wconf 78' lang='lat'><strong>8.</strong></span> <span class='ocrx_word' id='word_1_180' title='bbox 1051 2632 1148 2692; x_wconf 82' lang='lat' dir='ltr'><strong>d’An·</strong></span> 
     </span>
     <span class='ocr_line' id='line_1_23' title="bbox 111 2730 1149 2814; baseline 0.002 -19"><span class='ocrx_word' id='word_1_181' title='bbox 111 2734 195 2797; x_wconf 59' lang='lat' dir='ltr'><strong>viiie,</strong></span> <span class='ocrx_word' id='word_1_182' title='bbox 208 2752 297 2795; x_wconf 89' lang='lat' dir='ltr'><strong>nunc</strong></span> <span class='ocrx_word' id='word_1_183' title='bbox 315 2730 375 2793; x_wconf 81' lang='lat' dir='ltr'><strong>effe</strong></span> <span class='ocrx_word' id='word_1_184' title='bbox 395 2731 560 2793; x_wconf 75' lang='lat' dir='ltr'><strong>arbitratur</strong></span> <span class='ocrx_word' id='word_1_185' title='bbox 576 2733 731 2797; x_wconf 72' lang='lat' dir='ltr'><strong>Cathoix.</strong></span> <span class='ocrx_word' id='word_1_186' title='bbox 783 2733 886 2814; x_wconf 80' lang='lat' dir='ltr'><strong>Atque</strong></span> <span class='ocrx_word' id='word_1_187' title='bbox 903 2735 944 2794; x_wconf 82' lang='lat' dir='ltr'><strong>ite</strong></span> <span class='ocrx_word' id='word_1_188' title='bbox 962 2731 1149 2797; x_wconf 78' lang='lat' dir='ltr'><strong>evoueicero</strong></span> 
     </span>
     <span class='ocr_line' id='line_1_24' title="bbox 112 2832 1146 2919; baseline 0 -23"><span class='ocrx_word' id='word_1_189' title='bbox 112 2836 188 2919; x_wconf 74' lang='lat' dir='ltr'><strong>tiicit</strong></span> <span class='ocrx_word' id='word_1_190' title='bbox 213 2832 466 2905; x_wconf 74' lang='lat' dir='ltr'><strong>dubitationem,</strong></span> <span class='ocrx_word' id='word_1_191' title='bbox 500 2855 579 2919; x_wconf 84' lang='lat' dir='ltr'><strong>quoe</strong></span> <span class='ocrx_word' id='word_1_192' title='bbox 607 2847 815 2917; x_wconf 84' lang='lat' dir='ltr'><strong>occupaverat</strong></span> <span class='ocrx_word' id='word_1_193' title='bbox 841 2834 993 2895; x_wconf 81' lang='lat' dir='ltr'><strong>Vaiesrorn</strong></span> <span class='ocrx_word' id='word_1_194' title='bbox 1020 2835 1054 2893; x_wconf 90' lang='lat' dir='ltr'><strong>in</strong></span> <span class='ocrx_word' id='word_1_195' title='bbox 1076 2848 1146 2897; x_wconf 88' lang='lat' dir='ltr'><strong>uot.</strong></span> 
     </span>
     <span class='ocr_line' id='line_1_25' title="bbox 112 2922 1147 3019; baseline -0.004 -19"><span class='ocrx_word' id='word_1_196' title='bbox 112 2936 192 3001; x_wconf 76' lang='grc'><strong>6111.</strong></span> <span class='ocrx_word' id='word_1_197' title='bbox 211 2958 244 3018; x_wconf 87' lang='lat' dir='ltr'><strong>p.</strong></span> <span class='ocrx_word' id='word_1_198' title='bbox 267 2946 350 3015; x_wconf 79' lang='lat'><strong>595.</strong></span> <span class='ocrx_word' id='word_1_199' title='bbox 373 2934 447 3010; x_wconf 89' lang='lat' dir='ltr'><strong>(ubi</strong></span> <span class='ocrx_word' id='word_1_200' title='bbox 462 2936 502 2999; x_wconf 89' lang='lat' dir='ltr'><strong>de</strong></span> <span class='ocrx_word' id='word_1_201' title='bbox 520 2936 606 2999; x_wconf 72' lang='lat' dir='ltr'><strong>urbis</strong></span> <span class='ocrx_word' id='word_1_202' title='bbox 621 2939 705 2997; x_wconf 79' lang='lat' dir='ltr'><strong>vario</strong></span> <span class='ocrx_word' id='word_1_203' title='bbox 724 2922 871 3019; x_wconf 80' lang='lat' dir='ltr'><strong>scripture</strong></span> <span class='ocrx_word' id='word_1_204' title='bbox 886 2935 986 2995; x_wconf 82' lang='lat' dir='ltr'><strong>multo</strong></span> <span class='ocrx_word' id='word_1_205' title='bbox 1001 2932 1147 2997; x_wconf 79' lang='lat' dir='ltr'><strong>adferun-</strong></span> 
     </span>
     <span class='ocr_line' id='line_1_26' title="bbox 110 3033 1148 3121; baseline 0.002 -22"><span class='ocrx_word' id='word_1_206' title='bbox 110 3044 181 3119; x_wconf 86' lang='lat' dir='ltr'><strong>tur)</strong></span> <span class='ocrx_word' id='word_1_207' title='bbox 208 3040 267 3121; x_wconf 86' lang='lat' dir='ltr'><strong>qni</strong></span> <span class='ocrx_word' id='word_1_208' title='bbox 284 3035 373 3098; x_wconf 81' lang='lat' dir='ltr'><strong>Melo</strong></span> <span class='ocrx_word' id='word_1_209' title='bbox 389 3033 470 3100; x_wconf 82' lang='lat' dir='ltr'><strong>inire</strong></span> <span class='ocrx_word' id='word_1_210' title='bbox 491 3040 546 3116; x_wconf 84' lang='lat'><strong>(3,</strong></span> <span class='ocrx_word' id='word_1_211' title='bbox 562 3040 595 3107; x_wconf 81' lang='lat'><strong>6.</strong></span> <span class='ocrx_word' id='word_1_212' title='bbox 613 3044 664 3117; x_wconf 79' lang='lat'><strong>5.)</strong></span> <span class='ocrx_word' id='word_1_213' title='bbox 684 3039 800 3102; x_wconf 78' lang='lat' dir='ltr'><strong>Seuero</strong></span> <span class='ocrx_word' id='word_1_214' title='bbox 822 3035 979 3099; x_wconf 81' lang='lat' dir='ltr'><strong>Osrirnicis</strong></span> <span class='ocrx_word' id='word_1_215' title='bbox 994 3036 1148 3109; x_wconf 76' lang='lat' dir='ltr'><strong>litoribut</strong></span> 
     </span>
     <span class='ocr_line' id='line_1_27' title="bbox 109 3138 1148 3222; baseline -0.003 -19"><span class='ocrx_word' id='word_1_216' title='bbox 109 3139 273 3205; x_wconf 73' lang='lat' dir='ltr'><strong>advertam</strong></span> <span class='ocrx_word' id='word_1_217' title='bbox 308 3138 409 3209; x_wconf 78' lang='lat' dir='ltr'><strong>dicat.</strong></span> <span class='ocrx_word' id='word_1_218' title='bbox 443 3158 517 3202; x_wconf 85' lang='lat' dir='ltr'><strong>cum</strong></span> <span class='ocrx_word' id='word_1_219' title='bbox 553 3154 667 3202; x_wconf 85' lang='lat' dir='ltr'><strong>trectue</strong></span> <span class='ocrx_word' id='word_1_220' title='bbox 694 3139 782 3201; x_wconf 73' lang='lat' dir='ltr'><strong>urbis</strong></span> <span class='ocrx_word' id='word_1_221' title='bbox 809 3138 968 3222; x_wconf 85' lang='lat' dir='ltr'><strong>Quimpor</strong></span> <span class='ocrx_word' id='word_1_222' title='bbox 994 3138 1028 3198; x_wconf 89' lang='lat' dir='ltr'><strong>in</strong></span> <span class='ocrx_word' id='word_1_223' title='bbox 1061 3155 1148 3200; x_wconf 79' lang='lat' dir='ltr'><strong>more</strong></span> 
     </span>
     <span class='ocr_line' id='line_1_28' title="bbox 108 3235 1148 3329; baseline -0.007 -22"><span class='ocrx_word' id='word_1_224' title='bbox 108 3240 231 3329; x_wconf 71' lang='lat' dir='ltr'><strong>fastigio</strong></span> <span class='ocrx_word' id='word_1_225' title='bbox 252 3241 383 3302; x_wconf 82' lang='lat' dir='ltr'><strong>excedat</strong></span> <span class='ocrx_word' id='word_1_226' title='bbox 397 3252 430 3302; x_wconf 90' lang='lat' dir='ltr'><strong>et</strong></span> <span class='ocrx_word' id='word_1_227' title='bbox 452 3242 551 3303; x_wconf 78' lang='lat' dir='ltr'><strong>cunali</strong></span> <span class='ocrx_word' id='word_1_228' title='bbox 566 3240 696 3326; x_wconf 76' lang='lat' dir='ltr'><strong>angusto</strong></span> <span class='ocrx_word' id='word_1_229' title='bbox 711 3240 755 3301; x_wconf 83' lang='lat' dir='ltr'><strong>do</strong></span> <span class='ocrx_word' id='word_1_230' title='bbox 769 3240 843 3302; x_wconf 77' lang='lat' dir='ltr'><strong>flat</strong></span> <span class='ocrx_word' id='word_1_231' title='bbox 863 3237 902 3299; x_wconf 89' lang='lat' dir='ltr'><strong>eb</strong></span> <span class='ocrx_word' id='word_1_232' title='bbox 924 3240 975 3301; x_wconf 78' lang='lat' dir='ltr'><strong>itu</strong></span> <span class='ocrx_word' id='word_1_233' title='bbox 991 3235 1148 3321; x_wconf 78' lang='lat' dir='ltr'><strong>separetur</strong></span> 
     </span>
     <span class='ocr_line' id='line_1_29' title="bbox 109 3338 1150 3425; baseline -0.003 -20"><span class='ocrx_word' id='word_1_234' title='bbox 109 3346 156 3410; x_wconf 83' lang='lat' dir='ltr'><strong>lit.</strong></span> <span class='ocrx_word' id='word_1_235' title='bbox 193 3343 320 3407; x_wconf 83' lang='lat' dir='ltr'><strong>Pliniue</strong></span> <span class='ocrx_word' id='word_1_236' title='bbox 334 3352 368 3425; x_wconf 78' lang='grc'><strong>4.</strong></span> <span class='ocrx_word' id='word_1_237' title='bbox 387 3356 444 3421; x_wconf 75' lang='lat'><strong>52.</strong></span> <span class='ocrx_word' id='word_1_238' title='bbox 464 3340 485 3405; x_wconf 79' lang='lat' dir='ltr'><strong>i.</strong></span> <span class='ocrx_word' id='word_1_239' title='bbox 505 3344 634 3419; x_wconf 77' lang='lat' dir='ltr'><strong>18.&#39;hic</strong></span> <span class='ocrx_word' id='word_1_240' title='bbox 654 3342 751 3404; x_wconf 78' lang='lat' dir='ltr'><strong>habet</strong></span> <span class='ocrx_word' id='word_1_241' title='bbox 765 3338 1014 3425; x_wconf 72' lang='lat' dir='ltr'><strong>peenejpiulum</strong></span> <span class='ocrx_word' id='word_1_242' title='bbox 1034 3338 1150 3423; x_wconf 82' lang='lat' dir='ltr'><strong>specte·</strong></span> 
     </span>
     <span class='ocr_line' id='line_1_30' title="bbox 110 3442 1149 3517; baseline -0.007 -8"><span class='ocrx_word' id='word_1_243' title='bbox 110 3450 246 3517; x_wconf 87' lang='lat' dir='ltr'><strong>tiorem,</strong></span> <span class='ocrx_word' id='word_1_244' title='bbox 272 3457 492 3507; x_wconf 82' lang='lat' dir='ltr'><strong>excurrentem</strong></span> <span class='ocrx_word' id='word_1_245' title='bbox 509 3445 544 3505; x_wconf 90' lang='lat' dir='ltr'><strong>iu</strong></span> <span class='ocrx_word' id='word_1_246' title='bbox 560 3443 757 3506; x_wconf 78' lang='lat' dir='ltr'><strong>Oceanume</strong></span> <span class='ocrx_word' id='word_1_247' title='bbox 780 3444 842 3504; x_wconf 84' lang='lat' dir='ltr'><strong>fine</strong></span> <span class='ocrx_word' id='word_1_248' title='bbox 858 3442 1070 3505; x_wconf 81' lang='lat' dir='ltr'><strong>Ofiemiorum</strong></span> <span class='ocrx_word' id='word_1_249' title='bbox 1089 3443 1149 3503; x_wconf 87' lang='lat' dir='ltr'><strong>cir·</strong></span> 
     </span>
     <span class='ocr_line' id='line_1_31' title="bbox 110 3542 1159 3625; baseline -0.005 -15"><span class='ocrx_word' id='word_1_250' title='bbox 110 3550 210 3611; x_wconf 85' lang='lat' dir='ltr'><strong>cuitu·</strong></span> <span class='ocrx_word' id='word_1_251' title='bbox 231 3548 304 3625; x_wconf 76' lang='lat'><strong>625</strong></span> <span class='ocrx_word' id='word_1_252' title='bbox 333 3544 380 3607; x_wconf 90' lang='lat' dir='ltr'><strong>M.</strong></span> <span class='ocrx_word' id='word_1_253' title='bbox 407 3544 445 3606; x_wconf 88' lang='lat' dir='ltr'><strong>P.</strong></span> <span class='ocrx_word' id='word_1_254' title='bbox 487 3547 610 3608; x_wconf 79' lang='lat' dir='ltr'><strong>nervice</strong></span> <span class='ocrx_word' id='word_1_255' title='bbox 638 3545 672 3607; x_wconf 90' lang='lat' dir='ltr'><strong>iu</strong></span> <span class='ocrx_word' id='word_1_256' title='bbox 702 3545 904 3606; x_wconf 79' lang='lat' dir='ltr'><strong>latitudinem</strong></span> <span class='ocrx_word' id='word_1_257' title='bbox 936 3556 1004 3619; x_wconf 77' lang='lat'><strong>125</strong></span> <span class='ocrx_word' id='word_1_258' title='bbox 1032 3542 1081 3606; x_wconf 87' lang='lat' dir='ltr'><strong>M.</strong></span> <span class='ocrx_word' id='word_1_259' title='bbox 1109 3543 1159 3607; x_wconf 88' lang='lat' dir='ltr'><strong>P.-</strong></span> 
     </span>
     <span class='ocr_line' id='line_1_32' title="bbox 110 3642 1150 3737; baseline -0.007 -25"><span class='ocrx_word' id='word_1_260' title='bbox 110 3650 211 3737; x_wconf 79' lang='lat' dir='ltr'><strong>Quod</strong></span> <span class='ocrx_word' id='word_1_261' title='bbox 230 3648 250 3708; x_wconf 87' lang='lat' dir='ltr'><strong>sr</strong></span> <span class='ocrx_word' id='word_1_262' title='bbox 272 3666 348 3710; x_wconf 85' lang='lat' dir='ltr'><strong>cum</strong></span> <span class='ocrx_word' id='word_1_263' title='bbox 364 3646 477 3709; x_wconf 83' lang='lat' dir='ltr'><strong>tebuiie</strong></span> <span class='ocrx_word' id='word_1_264' title='bbox 489 3646 601 3708; x_wconf 82' lang='lat' dir='ltr'><strong>nostrie</strong></span> <span class='ocrx_word' id='word_1_265' title='bbox 614 3659 827 3727; x_wconf 84' lang='lat' dir='ltr'><strong>comparetur.</strong></span> <span class='ocrx_word' id='word_1_266' title='bbox 855 3642 1033 3706; x_wconf 78' lang='lat' dir='ltr'><strong>mensurum</strong></span> <span class='ocrx_word' id='word_1_267' title='bbox 1052 3644 1150 3706; x_wconf 86' lang='lat' dir='ltr'><strong>Plinii</strong></span> 
     </span>
     <span class='ocr_line' id='line_1_33' title="bbox 112 3746 1148 3831; baseline -0.008 -16"><span class='ocrx_word' id='word_1_268' title='bbox 112 3754 263 3817; x_wconf 67' lang='lat' dir='ltr'><strong>uendere</strong></span> <span class='ocrx_word' id='word_1_269' title='bbox 279 3750 418 3818; x_wconf 82' lang='lat' dir='ltr'><strong>videtur,</strong></span> <span class='ocrx_word' id='word_1_270' title='bbox 441 3760 475 3810; x_wconf 91' lang='lat' dir='ltr'><strong>et</strong></span> <span class='ocrx_word' id='word_1_271' title='bbox 489 3748 649 3831; x_wconf 78' lang='lat' dir='ltr'><strong>eliquanto</strong></span> <span class='ocrx_word' id='word_1_272' title='bbox 669 3747 778 3831; x_wconf 77' lang='lat' dir='ltr'><strong>magio.</strong></span> <span class='ocrx_word' id='word_1_273' title='bbox 801 3746 823 3807; x_wconf 85' lang='lat' dir='ltr'><strong>sr</strong></span> <span class='ocrx_word' id='word_1_274' title='bbox 838 3748 957 3829; x_wconf 79' lang='lat' dir='ltr'><strong>cogitet</strong></span> <span class='ocrx_word' id='word_1_275' title='bbox 973 3749 1060 3808; x_wconf 84' lang='lat' dir='ltr'><strong>inter.</strong></span> <span class='ocrx_word' id='word_1_276' title='bbox 1071 3748 1148 3808; x_wconf 81' lang='lat' dir='ltr'><strong>San·</strong></span> 
     </span>
     <span class='ocr_line' id='line_1_34' title="bbox 112 3845 1162 3933; baseline -0.006 -16"><span class='ocrx_word' id='word_1_277' title='bbox 112 3866 202 3920; x_wconf 81' lang='lat' dir='ltr'><strong>tonet</strong></span> <span class='ocrx_word' id='word_1_278' title='bbox 223 3865 259 3915; x_wconf 87' lang='lat' dir='ltr'><strong>et</strong></span> <span class='ocrx_word' id='word_1_279' title='bbox 283 3850 440 3913; x_wconf 80' lang='lat' dir='ltr'><strong>Oirtmios</strong></span> <span class='ocrx_word' id='word_1_280' title='bbox 456 3849 535 3912; x_wconf 79' lang='lat' dir='ltr'><strong>elios</strong></span> <span class='ocrx_word' id='word_1_281' title='bbox 553 3848 691 3933; x_wconf 78' lang='lat' dir='ltr'><strong>populos</strong></span> <span class='ocrx_word' id='word_1_282' title='bbox 712 3849 895 3910; x_wconf 72' lang='lat' dir='ltr'><strong>interiectos</strong></span> <span class='ocrx_word' id='word_1_283' title='bbox 918 3845 1025 3918; x_wconf 82' lang='lat' dir='ltr'><strong>fuiffe.</strong></span> <span class='ocrx_word' id='word_1_284' title='bbox 1057 3849 1162 3930; x_wconf 83' lang='lat' dir='ltr'><strong>quod·</strong></span> 
     </span>
     <span class='ocr_line' id='line_1_35' title="bbox 111 3949 1149 4042; baseline -0.007 -24"><span class='ocrx_word' id='word_1_285' title='bbox 111 3966 265 4042; x_wconf 83' lang='lat' dir='ltr'><strong>repugnet</strong></span> <span class='ocrx_word' id='word_1_286' title='bbox 278 3970 355 4015; x_wconf 88' lang='lat' dir='ltr'><strong>curn</strong></span> <span class='ocrx_word' id='word_1_287' title='bbox 370 3952 428 4033; x_wconf 81' lang='lat' dir='ltr'><strong>iu,</strong></span> <span class='ocrx_word' id='word_1_288' title='bbox 452 3969 533 4033; x_wconf 80' lang='lat' dir='ltr'><strong>quae</strong></span> <span class='ocrx_word' id='word_1_289' title='bbox 547 3950 588 4015; x_wconf 82' lang='lat' dir='ltr'><strong>de</strong></span> <span class='ocrx_word' id='word_1_290' title='bbox 601 3950 726 4013; x_wconf 72' lang='lat' dir='ltr'><strong>ambitu</strong></span> <span class='ocrx_word' id='word_1_291' title='bbox 747 3949 877 4011; x_wconf 86' lang='lat' dir='ltr'><strong>iliorum</strong></span> <span class='ocrx_word' id='word_1_292' title='bbox 901 3951 1034 4032; x_wconf 90' lang='lat' dir='ltr'><strong>protulit</strong></span> <span class='ocrx_word' id='word_1_293' title='bbox 1050 3950 1149 4013; x_wconf 78' lang='lat' dir='ltr'><strong>d&#39;An·</strong></span> 
     </span>
     <span class='ocr_line' id='line_1_36' title="bbox 112 4049 1162 4141; baseline -0.006 -21"><span class='ocrx_word' id='word_1_294' title='bbox 112 4056 195 4125; x_wconf 77' lang='lat' dir='ltr'><strong>oilie.</strong></span> <span class='ocrx_word' id='word_1_295' title='bbox 241 4054 316 4122; x_wconf 84' lang='lat' dir='ltr'><strong>Nec</strong></span> <span class='ocrx_word' id='word_1_296' title='bbox 340 4052 484 4141; x_wconf 74' lang='lat' dir='ltr'><strong>[operior</strong></span> <span class='ocrx_word' id='word_1_297' title='bbox 507 4064 572 4118; x_wconf 81' lang='lat' dir='ltr'><strong>teor</strong></span> <span class='ocrx_word' id='word_1_298' title='bbox 596 4052 694 4141; x_wconf 72' lang='lat' dir='ltr'><strong>iunge</strong></span> <span class='ocrx_word' id='word_1_299' title='bbox 717 4049 809 4117; x_wconf 81' lang='lat' dir='ltr'><strong>iuiiie</strong></span> <span class='ocrx_word' id='word_1_300' title='bbox 828 4049 991 4128; x_wconf 74' lang='lat' dir='ltr'><strong>rutenico,</strong></span> <span class='ocrx_word' id='word_1_301' title='bbox 1014 4052 1162 4116; x_wconf 77' lang='lat' dir='ltr'><strong>¹uidetur·</strong></span> 
     </span>
    </p>
   </div>
   <div class='ocr_carea' id='block_1_4' title="bbox 0 0 1284 4606">
    <p class='ocr_par' dir='ltr' id='par_1_4' title="bbox 0 0 1284 4606">
     <span class='ocr_line' id='line_1_37' title="bbox 0 0 1284 4606; baseline 0 1"><span class='ocrx_word' id='word_1_302' title='bbox 0 0 1284 4606; x_wconf 95' lang='lat' dir='ltr'><strong> </strong></span> 
     </span>
    </p>
   </div>
  </div>
 </body>
</html>
