2558 4606
55 332 57 339 Α
146 371 211 435 eto
307 374 344 441 ς
418 356 929 421 nortcuxeoemcte
988 368 993 379 ·
1051 364 1073 401 ·.
1140 310 1143 317 ’

87 563 91 569 ·
148 551 253 597 unum
280 543 413 607 vocetur
433 534 503 594 Res
524 516 595 596 >ihu
615 531 733 606 Dent.
764 534 900 597 alterum
926 532 998 596 Ros
1021 520 1196 620 Zoafrone

99 640 101 645 ’
149 632 263 717 [Cap
281 634 321 694 de
342 626 466 724 Sofrmr
486 626 549 696 lide
570 635 694 698 tabulae
717 636 880 698 Turcicee.
928 634 1086 701 Alterum
1098 630 1195 695 o’tn·

59 776 62 783 ·
147 738 227 801 villo
243 757 274 819 p.
294 752 377 816 229.
394 748 485 819 putet
500 734 560 799 elle
579 737 748 817 antiquum
768 736 978 821 Drepanum,
1005 734 1063 796 etsi
1087 733 1197 797 Ptolo·

14 918 17 922 .
148 858 261 903 mecm
281 839 408 922 longius
433 836 509 898 hinc
524 840 563 898 ad
579 839 716 900 austrum
738 851 915 900 removeat.
966 833 1142 899 Strobilum
1163 848 1197 897 et

148 939 341 1025 Drepanum
356 922 469 1023 parum
486 940 682 1023 discrepant,
698 952 739 1003 >et
755 939 922 1010 Arabicum
937 956 1055 1016 rocem
1071 934 1195 1005 diverse

148 1042 282 1105 reddere
305 1040 467 1104 ridentur.

224 1236 340 1316 Μυός
376 1236 554 1334 ὅρμον),
582 1244 635 1307 Sic
663 1243 770 1328 plures
797 1240 928 1318 Graeci;
962 1243 1070 1306 Latini
1095 1243 1192 1305 inter·

24 1338 27 1343 ’
148 1357 254 1438 ppetee
272 1341 382 1428 pellem
402 1347 543 1407 reddunt
564 1349 662 1409 muris
670 1345 791 1440 sturio.
844 1349 958 1411 Strabo
980 1348 1036 1410 16.
1054 1367 1086 1428 p.
1105 1359 1190 1422 529.

148 1444 172 1508 i.
192 1448 277 1528 769.
301 1443 416 1536 λιμένα
440 1461 534 1511 vocet
558 1446 681 1538 piper,
713 1441 772 1512 riv
787 1442 949 1513 -εἴσπλουν
972 1441 1100 1532 ’ἔχοντα
1121 1464 1192 1508 σκο-

147 1543 231 1612 λιόν.
274 1546 326 1612 cf.
353 1551 450 1611 etiam
480 1544 726 1635 Agatharchidee
748 1551 789 1613 de
815 1550 912 1613 rubro
936 1552 1016 1611 meri
1041 1569 1109 1629 cup.
1128 1558 1188 1626 42.

53 1656 56 1663 '
146 1661 296 1735 peg.54.
323 1648 423 1712 fluet.
462 1653 600 1717 Diodor.
624 1666 657 1730 3,
684 1664 744 1732 39.
783 1655 905 1716 herion.
936 1653 972 1711 in
1001 1651 1118 1734 peripli
1144 1651 1189 1713 in.

147 1753 269 1813 Urbem
286 1755 395 1836 portui
410 1751 497 1814 luille
513 1752 702 1834 adpofitam,
730 1753 824 1816 docet
844 1753 956 1816 Strabo
978 1769 1035 1828 17.
1052 1773 1086 1832 p.
1103 1753 1188 1829 560.

97 1844 100 1849 ’
147 1851 272 1930 [815.
318 1853 511 1936 Simpliciter
543 1870 800 1917 commemorent
830 1857 916 1918 Plin.
940 1855 974 1923 6.
1003 1867 1061 1933 55.
1087 1851 1106 1914 l.
1129 1868 1189 1931 29.

145 1955 287 2018 Ptolem.
297 1966 331 2036 4,
343 1968 378 2033 5.
404 1954 513 2019 Postea
525 1957 631 2018 dictue
645 1959 730 2019 idem
745 1957 789 2018 est
801 1950 993 2043 Ἀφροδίτης
1003 1948 1119 2042 ὅρμος,
1140 1954 1190 2014 uti

107 2114 126 2131 .,
148 2057 315 2117 adfirmant
331 2057 444 2119 Strabo
460 2060 495 2118 in
515 2060 613 2139 priori
637 2060 724 2127 loco.
752 2057 1043 2142 Agatharchideec.
1066 2056 1086 2117 l.
1127 2055 1189 2117 Ne·

108 2160 113 2173 “
143 2166 208 2238 'que
230 2173 338 2219 temen
353 2159 514 2238 antiquius
529 2178 650 2220 nomen
667 2159 869 2220 obliteratum
892 2157 999 2228 inille,
1029 2177 1070 2218 ex
1090 2156 1189 2247 polie-

106 2270 116 2279 ‘
146 2258 287 2320 rioribus
307 2260 487 2323 auctoribue
511 2261 656 2343 adparet,
689 2261 745 2322 etfi
766 2263 935 2324 recentiori
960 2260 1094 2322 nomine
1124 2257 1187 2319 lolo

147 2361 297 2441 producit
313 2361 476 2423 Diodorue
490 2366 516 2424 c.
538 2362 561 2423 l.
615 2363 705 2422 Hauc
725 2347 839 2424 urbem
857 2377 890 2423 et
912 2362 1039 2443 Copton
1055 2362 1090 2423 in
1108 2379 1186 2419 con·

148 2462 304 2522 vehendis
319 2480 358 2523 ex
378 2463 484 2532 ludia.
510 2460 622 2524 Arobiu
638 2476 674 2544 et
685 2463 854 2546 Aethiopia
875 2464 1034 2524 mercibus
1048 2461 1186 2522 celeber·

145 2563 261 2623 rimam
276 2561 328 2624 lue
344 2575 444 2625 aetate
457 2562 532 2626 fecit
545 2565 657 2628 Strabo
680 2579 733 2638 17.
751 2584 777 2626 c.
794 2567 815 2627 l.
868 2567 918 2625 De
931 2562 1020 2625 cause
1045 2565 1186 2625 nominis

55 2669 61 2711 ἵ
144 2664 223 2724 haec
240 2664 581 2735 Stucltiueudhrriani
597 2666 756 2748 periplum
770 2666 899 2746 Erythr.
915 2687 992 2728 mar.
1011 2687 1045 2747 p.
1061 2680 1095 2727 o.
1134 2666 1185 2727 Sic

143 2763 249 2827 forsan
265 2767 385 2838 dictus,
410 2768 463 2828 vel
477 2768 520 2829 ob
540 2768 681 2829 murium
698 2770 913 2836 marinorum.
939 2786 1019 2848 quoe
1034 2766 1184 2828 nonnulli

145 2868 263 2931 volunt
283 2867 343 2930 effe
366 2869 537 2931 testudines
558 2871 717 2958 lutariae..
735 2870 977 2940 abundantiam,
1006 2870 1047 2931 de
1070 2868 1183 2948 quihus

144 2969 269 3034 Pliniue
282 2987 317 3048 9,
347 2987 399 3050 19.
434 2983 488 3049 15,
518 2973 577 3049 65.
602 2966 735 3056 [52,4'.
759 2969 779 3031 l.
804 2963 879 3055 ι4.]
914 2972 966 3031 vel
989 2972 1062 3049 quia
1083 2971 1181 3030 mittit

143 3068 280 3132 formam
294 3087 388 3152 utque
404 3074 536 3155 liguram
552 3072 672 3141 babuit,
696 3073 747 3132 vel
762 3074 857 3155 etium
874 3074 946 3152 quia
962 3072 1108 3132 mutibus
1122 3070 1183 3132 fuit

59 3192 62 3205 '
144 3170 354 3236 consecratus.
378 3162 381 3169 ’
408 3174 491 3234 Nam
514 3158 621 3235 murce
639 3193 768 3254 quoque
790 3194 848 3256 pro
867 3176 937 3234 Diis
958 3175 1062 3235 cultos
1083 3171 1180 3241 soille,

142 3274 227 3335 testie
250 3275 293 3335 est
308 3275 463 3352 Gyruldus
477 3278 510 3336 in
532 3275 658 3337 historia
673 3278 815 3337 Deorum
834 3274 986 3360 syntagm.
1006 3291 1040 3350 7.
1073 3274 1181 3337 Unde

146 3376 257 3455 Apollo
284 3376 472 3438 Smintheus
497 3375 559 3439 fuit
589 3380 845 3460 cognominatus.
899 3378 1064 3438 Sminthas
1094 3380 1181 3439 eninr

40 3496 42 3503 ·
143 3475 311 3546 Cretenses
337 3498 443 3547 mures
472 3492 601 3540 vocant.
660 3481 827 3562 Aegyptiis
859 3494 966 3539 autem
991 3481 1090 3538 multa
1116 3480 1180 3538 ani·

142 3579 277 3639 ruolium
294 3580 484 3641 terrestrium
503 3595 535 3642 ot
556 3581 744 3661 aquatilium
759 3578 887 3642 divinis.
902 3581 1079 3642 honoribus
1092 3577 1179 3641 fuiffe

142 3682 256 3749 culta.
272 3677 340 3741 satie
362 3680 515 3763 superque
540 3682 668 3746 constat.
720 3683 760 3744 ln
781 3682 939 3745 hodierno
962 3685 1097 3744 nomine
1121 3685 1180 3741 die·

140 3781 283 3844 sentiunt
300 3783 491 3866 Geographi.
542 3784 760 3866 Quibusdam,
787 3798 823 3845 ut
846 3785 1111 3869 numerabit.
1137 3785 1178 3842 riu

143 3903 323 3945 comnrerce
340 3885 389 3948 ch.
406 3895 467 3964 49.
484 3906 515 3966 p.
530 3897 612 3963 317.
630 3886 662 3948 h.
679 3885 721 3946 est
739 3878 874 3974 Coffeir.
897 3885 984 3966 quod
1000 3890 1052 3971 alii
1066 3894 1178 3968 putant

45 4024 49 4033 ι
141 3985 324 4046 Philoteras
357 4001 470 4065 portus
496 3987 670 4049 Ptolemaei
689 3998 724 4067 4,
748 3998 781 4063 5.
840 3988 880 4048 At
906 3990 979 4067 quia
1015 3980 1177 4073 mugienti

141 4084 405 4176 septemtrionem
419 4088 498 4161 haec
513 4089 582 4155 loce
598 4085 804 4175 spectabant„
815 4080 1067 4181 Grsteirspotim.
1076 4086 1177 4157 abun
