2558 4606
197 358 253 423 m
278 358 414 453 rouo.
443 360 553 420 nrt.
590 360 628 421 1.
648 362 702 420 nr.
743 360 778 421 o
798 360 835 425 r.
875 360 954 435 ta
1044 366 1106 441 tto

56 534 203 600 ounrlom
219 534 377 600 Herodot.
391 546 427 615 4,
443 546 504 619 40.
522 538 688 600 Armeniae
707 539 822 602 Araxen
842 540 938 602 debet
953 534 1103 619 intelligi,

57 637 148 720 quod
175 652 209 699 et
243 639 398 701 iudicavit
419 640 460 700 cle
486 639 632 726 Goigucr
652 660 679 702 c.
702 642 723 703 l.
760 643 834 724 quia
865 654 973 703 contra
1000 637 1101 700 lolem

55 743 218 803 orientem
237 740 556 812 oum'lluere'oarrat,
573 742 657 823 quod
677 739 762 805 locor
775 742 818 805 au
832 745 865 804 in
881 742 964 810 Oxo.
987 759 1046 803 nec
1058 739 1102 802 clo

56 841 159 927 Volgo
173 841 331 903 adfirmari
352 841 463 925 potell.
499 843 645 906 Omnino
661 859 768 913 autem
785 846 825 905 rie
841 844 983 929 Goignea
998 854 1101 924 putat,

55 942 264 1007 Herodotum
279 955 314 1022 4.
328 955 388 1022 40.
409 956 442 1006 ct
464 966 492 1015 ι,
510 961 594 1008 ooo.
617 945 802 1028 discrepare,
824 962 858 1009 et
880 948 916 1011 iu
934 940 1099 1028 posteriori

55 1044 128 1109 ioco
138 1042 324 1128 Maffagetaa
337 1048 374 1107 ad
391 1047 523 1132 Volgam
538 1045 574 1109 fl.
590 1047 621 1108 b.
638 1049 806 1128 pertineto,
822 1064 856 1110 et
872 1047 986 1109 vallam
1002 1044 1117 1127 plani-¹

55 1149 136 1209 tiam
151 1144 215 1209 ello
233 1166 332 1229 propo
354 1147 453 1210 Teriri.
488 1148 632 1210 Priorem
648 1163 756 1212 autem
773 1150 814 1212 dc
833 1152 932 1211 arare
949 1148 1100 1209 rrarratio·

54 1266 133 1311 nom
155 1245 247 1330 supra
268 1262 549 1313 commemoratam
568 1252 606 1313 ad
627 1250 736 1313 Oxum
751 1252 847 1313 etiam
864 1248 1001 1313 retulillo
1016 1251 1099 1312 Stra·

55 1349 180 1413 bonon
200 1369 256 1414 ιι.
273 1370 305 1432 p.
317 1352 401 1429 366.
417 1349 438 1414 l.
449 1365 533 1429 531.
555 1355 632 1414 indo
647 1355 784 1434 adparet,
807 1354 894 1434 quod
909 1370 949 1414 co
966 1350 1102 1431 Scytbat'

54 1451 263 1514 allactriauir
278 1449 399 1536 seiungi
421 1451 541 1525 scribit,
567 1455 622 1516 etsr
639 1455 796 1515 Bactriani
813 1456 979 1517 Herodoto
999 1452 1098 1514 adlin-

56 1568 192 1641 guntur.
242 1553 465 1625 Herodotum,
499 1576 595 1637 quem
628 1554 750 1618 locutor
782 1572 848 1617 crat
878 1552 1097 1623 Calirllbcnea.

54 1656 138 1717 malo
154 1653 295 1717 retulillo
311 1671 442 1728 monet,
468 1657 511 1718 ob
526 1655 640 1727 iontco,
667 1673 759 1741 puto,
786 1661 819 1720 in
840 1654 990 1719 Matiania
1002 1674 1097 1718 mon·

54 1754 161 1826 tibur.
193 1776 269 1819 cum
295 1757 361 1838 ipso
381 1758 495 1820 Strabo
523 1762 644 1821 Araxen
671 1758 693 1823 l.
718 1760 855 1821 Araxum
881 1761 915 1821 iu
941 1760 981 1819 lia
1006 1757 1098 1818 terrio

53 1855 213 1942 ognolcat.
266 1859 319 1921 Sic
341 1858 674 1945 Mallagetioaccollr,
705 1859 813 1929 versut
835 1862 994 1923 orientem
1022 1859 1095 1927 titia.

53 1958 169 2021 tribuit
191 1950 313 2029 Araxen
336 1964 432 2022 etiam
454 1961 587 2042 Dionys.
607 1982 638 2023 v.
658 1978 743 2042 739.
769 1977 802 2025 et
824 1982 864 2024 ex
883 1980 923 2024 eo
945 1958 1095 2023 Priscian.

53 2082 87 2123 r.
104 2074 192 2138 713.
208 2075 241 2124 ot
254 2064 369 2126 Arion.
387 2074 515 2143 r.'9r7.
549 2065 657 2126 Oxum
674 2064 788 2125 tribuit
802 2062 966 2146 Aipaliacio
980 2059 1096 2140 Polyb.

59 2182 115 2233 ro.
133 2174 195 2243 48.
218 2165 305 2241 (aliia
320 2164 391 2225 lunt
402 2166 550 2235 Paesrcae‚
572 2160 713 2248 ut'lup'ra
729 2167 873 2241 dictum)
892 2183 973 2246 quoa
988 2162 1097 2224 Malla·

53 2278 201 2349 getarum
211 2270 351 2350 'gentem
372 2265 446 2329 facit
461 2269 657 2350 Stephanus.
684 2268 770 2330 undo
790 2267 921 2348 quidem
939 2264 1025 2327 ledea
1045 2283 1098 2326 oo·

53 2386 127 2427 rum
144 2356 405 2448 comprobantur.
440 2368 547 2430 Oxum
563 2380 668 2431 autem
686 2383 718 2431 ot
735 2372 857 2431 Araxen
876 2368 1025 2429 condent
1036 2363 1097 2426 effa

53 2470 184 2549 putarit
208 2470 450 2533 etiamstriner
472 2473 504 2532 in
529 2492 663 2534 mernor.
686 2473 795 2553 popul.
816 2473 914 2532 Tum.
933 2483 965 2547 3.
983 2491 1015 2549 p.
1034 2480 1094 2545 81,

53 2571 160 2631 Multa
182 2575 396 2653 praeterendo
420 2572 481 2633 huc
504 2574 637 2634 munina
649 2573 798 2632 ‹tabit-dn
816 2570 929 2633 Frelno
946 2570 984 2631 ad
1002 2570 1094 2631 Nice·

51 2671 194 2753 phorum
213 2672 375 2734 Caesarem
392 2674 593 2752 Bryennium
615 2678 646 2733 iu
663 2686 872 2735 commentar.
891 2692 920 2742 ι,
937 2691 969 2757 9.
990 2692 1023 2753 p.
1040 2685 1095 2747 17.

52 2774 167 2851 (Van.)
193 2774 300 2835 Porcii
315 2777 410 2836 etiam
429 2777 492 2836 huc
506 2772 613 2836 referri
633 2775 803 2836 Aristotelia
819 2775 906 2835 locut
921 2760 1091 2835 bleteorol.

58 2894 88 2943 ι,
112 2896 127 2937 r
135 2890 170 2951 3.
204 2876 261 2936 ubi
282 2877 404 2938 Tanain
418 2897 466 2938 ox
489 2879 588 2938 Araxe
609 2878 766 2957 profluere
789 2876 947 2944 adfirmat,
980 2875 1034 2935 etsi
1057 2894 1094 2937 ea

54 2977 153 3039 rerba
175 2979 256 3041 malo
276 2978 460 3060 transposita
480 2979 646 3039 arbitratur·
668 2958 850 3060 wesseling.
874 2978 910 3036 acl
938 2976 1094 3038 Herodot.

60 3100 88 3148 ι,
106 3095 192 3142 ooo.
236 3079 363 3161 Nempe
381 3075 561 3167 Παρνισὸς,
587 3082 634 3139 uti
649 3079 734 3161 apud
750 3075 882 3158 Dionys.
899 3098 931 3139 v.
944 3090 1028 3152 737.
1051 3076 1096 3138 cst

52 3179 284 3267 Paropanisus,
311 3182 428 3244 Tanais
444 3199 522 3243 vero
540 3166 758 3242 Macedonum
781 3180 916 3262 intelligi
938 3177 1034 3267 debet
1054 3180 1102 3239 do·

52 3282 192 3375 intarta.
219 3285 267 3344 uti
283 3286 367 3365 apud
382 3282 496 3362 Polyb.
517 3302 572 3352 ιο,
589 3293 648 3361 43.
671 3283 822 3362 aliosque.
866 3277 917 3343 Οἱ.
933 3280 1097 3343 [lelandus

55 3387 96 3447 do
110 3384 260 3447 Pandite
276 3405 342 3466 cap.
363 3400 419 3461 ι.7.
442 3387 475 3445 in
491 3385 532 3445 ei.
549 3384 665 3446 differt.
682 3381 811 3444 miscell.
828 3384 869 3445 Τ.
892 3400 921 3445 t.
943 3403 974 3464 p.
990 3394 1036 3461 33
1053 3379 1095 3462 lq.

53 3488 195 3561 nudum,
213 3488 321 3557 enim.
354 3484 551 3555 lodolrullra,
569 3498 739 3546 tentatum
762 3484 804 3544 cli
826 3484 897 3545 [tha
914 3495 947 3546 ct
970 3467 1097 3545 Tanain

56 3587 280 3669 alrooclipllo
299 3590 513 3670 coniungere,
545 3590 592 3648 uti
609 3601 712 3649 narrat
729 3586 891 3648 Hermann
908 3583 1097 3647 Statillilcbc

55 3692 271 3775 Sobildcrung
294 3708 360 3751 von
384 3687 539 3750 ilnlaland
561 3710 592 3771 p.
617 3702 695 3766 133.
729 3707 789 3748 nec
810 3686 1000 3766 Scytharum
1021 3684 1097 3747 folia

56 3814 132 3857 cum
148 3786 259 3855 Voffio
275 3804 347 3854 tuto
363 3791 427 3851 buc
439 3788 547 3851 referri
563 3790 672 3872 potest,
698 3789 752 3849 etsr
766 3782 984 3850 adsentiuntur
1001 3788 1097 3848 inter·

55 3910 162 3981 proteo
187 3895 308 3959 Avieni
330 3892 369 3971 acl
391 3912 424 3953 v.
445 3904 504 3970 50.
554 3894 605 3954 Do
621 3894 741 3952 Iaxarte
762 3891 862 3951 etiam
882 3890 1017 3972 explicat
1032 3890 1099 3952 tlri-

54 3997 173 4063 ilotelio
196 3996 324 4057 Tanain
352 3992 481 4055 Salmas.
505 3993 543 4055 art
571 3994 674 4057 Solin.
688 4002 751 4070 55
775 3988 796 4054 l.
813 4002 873 4070 59.
895 4013 928 4073 p.
952 3984 1098 4070 112845.

54 4100 142 4168 Facit
168 4116 281 4165 tamon
298 4096 462 4180 utriusque
478 4093 676 4167 commistio.
701 4092 798 4158 attio
816 4111 896 4158 vero
913 4105 948 4157 ot
966 4096 1097 4178 proprio
1192 4143 1193 4147 ,
