2556 4606
109 348 216 437 ‘⁵³⁷⁰
372 392 382 413 s
422 356 592 415 norro·
621 355 928 415 uxeoerrctr

152 534 212 596 des
231 501 428 614 Ethiopiens
445 531 525 592 dans
542 525 705 614 l'Afrique
727 551 786 614 par
805 532 828 593 F
831 544 989 593 orumont
1004 526 1042 594 in
1059 529 1197 594 Mernoi·

153 655 206 698 ree
221 669 274 683 --
290 631 332 695 de
348 629 439 699 Paris
455 633 497 699 T.
509 648 541 708 7.
552 652 584 715 p.
593 641 667 717 497
681 632 746 717 sqq.
758 633 857 715 (Hag.
867 633 930 710 C.)
952 634 1051 696 Certe
1068 630 1128 718 ipsr
1143 654 1197 718 po„-

96 790 98 795 .
153 733 226 823 puli
245 735 360 821 pallim
379 731 448 795 iam
464 733 554 818 apud
576 735 761 795 Homerum
777 733 1152 811 commemorantum.
1171 757 1196 798 c.

153 840 193 904 ll.
209 851 334 935 12453.
353 835 462 914 Odyll.
478 858 509 905 1,
520 850 578 911 25.
605 831 663 920 qui
678 837 771 898 locus
784 833 821 896 in
832 834 952 920 primis
968 820 1135 899 notandus
1147 836 1197 899 est.

153 938 206 1004 lbi
223 935 314 1002 enim
330 933 491 1011 Αἰθίοπες,
515 931 566 999 roi
583 931 688 1022 διχθά
704 932 881 1010 δεδαίαται,
904 934 1046 1023 ἔσχαται
1065 934 1202 1026 ἀνδρῶν..

13 1022 22 1051 ’
154 1042 213 1128 (cf.
228 1037 315 1122 Virg.
330 1041 415 1104 Aen.
432 1047 468 1115 4,
484 1034 586 1121 480.)
612 1038 642 1100 ol
654 1034 712 1127 μὲν
729 1033 906 1128 δυσομένου
923 1030 1100 1129 implerot.
1127 1040 1158 1102 οἱ
1176 1035 1200 1103 δ’

37 1190 51 1229 ⁴.
155 1138 313 1217 ἀνιόντος.
350 1142 400 1200 Ex
421 1159 487 1223 quo
505 1140 656 1223 adparet,
681 1136 851 1224 duplicem
866 1137 1085 1225 Aethiopiam
1100 1160 1198 1225 agno·

153 1243 245 1319 ville,
272 1261 375 1303 unam
390 1241 502 1303 versus
517 1243 657 1312 Eurum,
682 1262 765 1327 quae
783 1240 849 1304 fuit
869 1240 995 1323 Libyae
1010 1264 1101 1329 pars,
1125 1246 1198 1307 alte·

38 1392 40 1401 .
154 1368 227 1411 ram
247 1343 359 1407 versus
378 1339 589 1405 occidentem
609 1343 854 1427 lZephyrum,
881 1342 976 1410 cuiue
992 1346 1126 1408 caulam
1148 1366 1197 1408 ex-

128 1511 131 1515 .
155 1443 267 1536 posuit
282 1447 399 1515 Strabo
419 1465 449 1508 r.
466 1465 498 1528 p.
518 1463 575 1507 ee.
591 1445 612 1511 l.
632 1461 690 1525 52.
730 1445 859 1530 Nempe
875 1444 1028 1532 quodibi
1045 1444 1197 1531 navigan·

20 1622 23 1629 ,
153 1559 204 1615 t'ea
218 1551 272 1610 vel
289 1549 329 1609 ab
347 1542 486 1616 oriente,
507 1548 562 1607 vel
578 1544 763 1618 occidente,
782 1569 859 1609 cum
873 1545 936 1611 iter
950 1569 1110 1633 peragere
1125 1568 1197 1613 con·

155 1644 252 1715 tinuo
275 1648 371 1712 curlu
394 1644 656 1731 impedirentur,
686 1645 870 1733 Aethiopas
893 1647 1064 1736 utrimque
1086 1651 1196 1734 depre-

129 1824 134 1837 .
154 1755 348 1818 henderent
397 1751 480 1811 Eam
493 1746 594 1810 etiam
610 1747 667 1814 hic
682 1747 878 1834 opinionem
891 1751 1025 1817 secutus¹
1039 1752 1084 1815 est
1098 1754 1195 1823 Mela,

89 1881 94 1907 ι
156 1872 191 1921 et
204 1858 246 1919 fic
259 1851 345 1916 Plin.
361 1864 395 1930 5,
414 1862 447 1927 8.
464 1849 486 1912 l.
503 1860 537 1930 4.
556 1847 729 1914 nominato
747 1854 908 1916 Homero.
959 1854 1042 1916 Inde
1064 1852 1196 1940 quidam

155 1969 364 2041 componunt
379 1949 632 2036 discrepantiam
646 1968 829 2026 auctorum,
854 1952 911 2040 qui
925 1976 997 2017 rem
1011 1957 1054 2017 de
1069 1957 1196 2022 Andro·
1225 2023 1228 2028 ,

155 2060 254 2125 meda
280 2057 400 2141 gestam
424 2051 461 2115 in
488 2050 671 2138 Aethiopia
697 2071 838 2138 ponunt.
877 2054 950 2119 Vid.
967 2058 1009 2119 ad
1036 2081 1066 2130 1,
1090 2081 1147 2132 ιι,
1166 2072 1193 2136 3.

65 2204 76 2225 .
155 2162 368 2230 Ptolemaeus
381 2166 417 2235 4,
432 2172 466 2232 7.
483 2171 516 2217 et
531 2173 564 2235 9.
587 2157 686 2218 habet
700 2154 918 2240 Aethiopiam
934 2148 997 2223 imi
1019 2154 1195 2244 Αἴγυπτον,

79 2248 84 2255 ’
155 2283 257 2351 quam
275 2255 423 2322 extendit
437 2257 477 2318 ab
494 2257 611 2319 occasu
625 2258 667 2319 ad
686 2253 879 2320 interiorem
892 2257 1030 2339 Libyam
1046 2277 1081 2325 et
1101 2285 1120 2323 a
1134 2281 1194 2323 me·

156 2362 242 2428 ridie
263 2361 305 2424 ad
324 2363 468 2442 Raptum
486 2355 753 2442 promontorium
775 2358 1029 2427 [Barbaricum
1053 2366 1194 2448 pelagus,

155 2483 192 2530 et
210 2460 405 2528 interiorem
427 2482 445 2521 a
464 2461 571 2543 Rapto
595 2476 628 2523 et
650 2462 747 2523 Pralo
763 2461 1001 2546 promontoriis
1023 2465 1065 2525 ad
1080 2465 1194 2550 Hespe·

155 2566 247 2632 rium
270 2568 374 2627 finum
391 2559 517 2626 Oceani
534 2582 554 2623 a
570 2558 674 2641 Libya
697 2560 831 2647 propria
851 2564 893 2625 ad
912 2580 1033 2628 terram
1049 2562 1196 2651 incogni-

69 2746 72 2750 Α
154 2687 235 2734 tam.
273 2662 476 2728 Heliodorus
498 2660 669 2726 terminari
693 2661 777 2727 dicit
800 2664 1007 2730 catarrhactis
1023 2665 1196 2754 Aegyptiis

156 2788 192 2836 et
204 2766 309 2835 Philia
323 2769 415 2829 urbe.
442 2763 515 2827 Vid.
527 2763 753 2849 Aethiopdib.
764 2777 797 2844 8.
811 2763 859 2834 in.
883 2767 924 2832 cf.
941 2787 974 2849 9.
990 2768 1013 2831 f.
1031 2785 1066 2831 et
1085 2767 1195 2835 ro.in.

154 2874 273 2941 Strabo
294 2886 348 2945 17.
363 2865 410 2930 in.
431 2869 560 2946 Syenen
578 2882 611 2930 et
625 2865 871 2952 Elephantinen
892 2868 975 2932 fines
995 2868 1196 2957 Aethiopiae

155 2973 256 3062 facit,
280 2970 352 3056 post
370 2965 545 3053 Hesperios
561 2967 743 3054 Aethiopas
764 2989 839 3054 pag.
856 2973 940 3058 569.
955 2972 976 3035 s.
994 2983 1082 3055 827.
1104 2974 1196 3059 supra

154 3069 400 3141 Mauretaniam
416 3073 578 3133 conlocat.
631 3069 807 3147 Hebraeis,
836 3070 954 3136 fifides
973 3074 1017 3134 est
1038 3072 1197 3162 interpre-

92 3229 94 3233 .
153 3176 246 3244 tibus
261 3191 295 3238 et
308 3169 476 3258 patribus,
503 3169 627 3235 dicitur
651 3164 742 3246 llll),
774 3172 829 3235 sed
851 3176 892 3237 fic
913 3174 1063 3239 latilsrme
1088 3163 1197 3241 extenss

156 3278 259 3343 ditur.
293 3277 380 3338 Nam
396 3271 538 3336 Chuhtis
556 3273 738 3356 adpellatur
754 3276 853 3361 Molis
869 3296 954 3337 uxor
970 3279 1072 3342 Num.
1093 3298 1150 3352 ro,
1168 3302 1196 3342 ι.

156 3401 258 3467 quam
277 3370 473 3439 Midianitin
496 3373 587 3436 luille
611 3376 742 3442 constat.
792 3363 922 3443 Midian
943 3395 1057 3443 autem
1080 3383 1197 3445 urbem

158 3480 252 3546 luille
272 3479 309 3542 in
326 3473 427 3539 maris
449 3473 542 3538 rubri
558 3474 657 3539 litore
674 3499 713 3540 ex
727 3478 864 3562 lolepho
883 3496 948 3543 ant.
966 3500 998 3553 u,
1015 3496 1047 3562 5.
1075 3481 1197 3551 etaliis

4 3580 15 3586 ''
38 3580 44 3588 ’
81 3661 83 3664 y
143 3580 312 3654 discitur,
339 3594 373 3641 et
389 3575 576 3662 promiscue
593 3579 684 3642 Chus
698 3594 733 3641 et
745 3578 874 3642 Midian
890 3599 1061 3664 ponuntur
1075 3586 1195 3648 Habac.

69 3760 74 3777 Ι
160 3700 195 3764 3,
215 3700 252 3760 7..
285 3685 337 3746 Ex
353 3699 419 3766 quo
435 3677 580 3765 aliisque
590 3676 791 3764 argumentis
807 3680 943 3759 conficit
961 3686 1147 3749 Bochalrtus
1160 3683 1196 3748 in

68 3780 75 3791 ⁹
157 3788 283 3868 Phaleg
298 3796 333 3864 4,
354 3799 385 3844 t.
414 3781 505 3844 Chus
537 3781 598 3843 elle
628 3781 805 3856 Arabiam,
842 3801 956 3848 contra
979 3785 1197 3874 Aethiopiam

160 3887 222 3952 elle
236 3887 323 3957 Led,
346 3855 456 3966 (Ἶὺ)
480 3883 572 3967 quod
593 3881 715 3966 argutis
731 3881 839 3968 magis
851 3886 1076 3971 argumentis,
1098 3909 1197 3976 quam

158 3984 291 4063 idoneis
305 3981 459 4050 evincere
473 3980 596 4046 studuit
608 4004 638 4052 c.
655 3987 677 4047 l.
692 3997 729 4067 4,
748 3987 804 4050 αδ.
838 3986 890 4049 uti
913 3990 988 4051 Led
1004 4003 1041 4070 4,
1061 3993 1120 4056 αδ.
1133 3995 1197 4071 ty·

27 4146 30 4151 .
158 4086 264 4159 diam
280 4085 382 4155 etiam
405 4087 530 4172 ugnus
553 4083 708 4154 dicitob
731 4086 906 4173 Maeandri
925 4088 1056 4179 etNili
1079 4088 1199 4161 amites
