2558 4606
217 312 274 377 ru
300 310 439 376 rouo.
465 312 574 375 ιιιι.
613 313 650 374 ι.
671 316 725 376 ιιι
768 313 802 377 o
822 316 874 384 vt
914 315 997 395 99.
1036 246 1135 394 ..aar

86 508 92 533 ¹
158 482 310 575 longo)
359 486 478 577 Longo
499 487 591 555 euim
613 487 743 557 ambitu
758 492 878 575 exstat,
905 486 959 570 et,
986 490 1130 557 eumad

77 585 296 655 horizontem
307 606 508 676 perventum
526 592 588 666 est,
618 595 802 658 transverso
821 616 900 658 eum
920 594 1018 658 cursu
1032 590 1129 656 llrin·

78 689 149 779 git.
175 686 259 759 inoo
282 688 416 777 1999919,Ι
432 710 610 781 antequam
625 713 804 781 mergatur.
854 698 934 760 Ideo
949 693 1127 783 Diouylliae'

79 792 161 875 [991
176 788 294 858 Anien.
317 790 355 857 in
375 792 499 882 perieg.
514 820 546 861 v.
564 800 648 879 765.
662 794 709 862 'ex
722 803 788 883 9ο]
804 800 945 863 vicinior
963 800 1023 861 axi
1042 798 1127 861 ocri·

78 892 147 971 dno
169 894 322 968 1999119999,
352 892 376 961 i.
398 916 427 961 e.
448 894 486 961 in
507 899 660 964 occasum
674 898 775 985 long'e
789 896 992 985 prospicient
1012 894 1125 962 radioe
1182 934 1187 945 ·

76 992 158 1061 lolia
177 998 281 1083 longo
301 994 430 1061 ambitu
445 996 595 1075 sustinet,
621 1003 728 1064 donec
744 1002 874 1064 rursum
886 999 1009 1086 exiguo
1024 998 1124 1063 inter·

75 1098 169 1177 99119
189 1098 324 1163 abortu
346 1096 524 1165 meridiem
543 1103 655 1167 verius
677 1103 868 1167 tendentem
889 1103 998 1167 rurlnr
1021 1098 1125 1185 adipi·

75 1195 155 1265 ciat.
189 1199 248 1263 sol
269 1197 360 1267 enim
381 1199 449 1264 illie
469 1218 561 1271 ortus
578 1202 615 1268 in
636 1202 813 1270 meridiem
830 1202 920 1268 abire
940 1201 1124 1268 secundun
1194 1244 1198 1253 ·

75 1300 163 1367 latua
175 1297 328 1376 videtur,
353 1318 490 1388 propter
503 1303 772 1390 magnitudinem
785 1302 1029 1373 declinationis.
1062 1324 1123 1367 vn·

74 1422 220 1469 ornare.
254 1404 370 1467 ”llum
390 1404 432 1467 de
454 1403 554 1473 huius
576 1406 644 1474 loci
662 1406 812 1477 'lectione
828 1423 863 1473 et
876 1408 970 1473 leulu
991 1402 1070 1471 dedi
1085 1402 1123 1469 in

73 1508 148 1573 no't.
164 1500 240 1571 orit.
255 1508 289 1593 11.
308 1515 382 1587 994
397 1508 464 1595 [qq.
1045 1528 1049 1537 ·

151 1650 311 1809 aestati
342 1712 1056 1801 lucidae)SrcPltn1uea77.s..75
1082 1722 1121 1798 4,

73 1804 249 1893 59196.
282 1814 517 1887 Martianued.
539 1838 634 1903 p.m.
656 1831 736 1905 194.
760 1835 793 1882 et
814 1818 897 1897 995.
934 1812 1038 1879 Solin.
1058 1824 1118 1893 95.

72 1914 177 1981 199.
204 1914 355 1990 solstitio,
389 1917 498 1983 cancri
526 1921 653 2005 fignum
674 1920 739 1985 sole
760 1934 970 1994 transeunte,
1006 1930 1120 1979 eontra

72 2006 193 2081 limma
215 2022 348 2081 nullum
362 2018 433 2083 fere
450 2019 542 2083 diem
561 2022 624 2084 elle
641 2018 826 2089 adfirmant.
864 2020 916 2084 cf.
931 2016 1031 2083 etiam
1045 2019 1119 2081 oen

68 2114 148 2221 rius
162 2118 206 2184 ad
220 2116 334 2204 Virffl'l.
350 2122 471 2208 Georg.
493 2148 522 2198 ι,
539 2139 597 2204 30.
648 2126 691 2187 At
709 2120 746 2185 id
762 2123 898 2186 demum
916 2117 1054 2207 propino
1076 2114 1119 2179 nd

68 2223 189 2307 polum
211 2219 352 2295 accidit,
383 2237 417 2285 et
439 2222 476 2287 in
498 2223 703 2310 Norwegiae
718 2222 826 2289 tractu
839 2224 1034 2288 Wardhufio
1049 2238 1118 2282 mea

67 2320 161 2386 xime
185 2321 445 2409 septemtrionali
472 2346 532 2411 per
560 2326 646 2389 duoe
673 2325 858 2389 menleo-et
880 2322 1008 2411 aliquot
1035 2319 1117 2385 dieo.

69 2420 270 2489 cleomedes
287 2424 328 2487 de
343 2422 478 2490 circulis
491 2424 549 2491 lib.
570 2452 600 2494 1.
617 2450 650 2513 p.
671 2442 752 2507 953.
771 2424 893 2505 (nant.)
912 2422 1117 2489 menstruum

66 2521 118 2589 ibi
132 2523 235 2591 diem
257 2527 319 2590 elle
341 2525 442 2601 dicit,
469 2529 608 2613 quando·
625 2529 671 2591 iol
688 2528 732 2590 est
752 2526 790 2590 in
810 2547 943 2591 canoro.
994 2526 1116 2591 Proco-

45 2626 147 2714 ¹pitto
163 2630 207 2695 de
222 2630 414 2692 B.·Goth
397 2648 413 2675 ⁰
419 2643 504 2706 ,.15
526 2626 597 2691 dieo
615 2626 664 2692 ibi
681 2630 743 2692 elle
759 2626 1114 2707 (11919999119990940

67 2727 279 2814 totidemque
306 2726 393 2793 circa
422 2732 574 2792 brumam
596 2746 728 2811 noctes,
766 2726 923 2814 diemque
942 2725 1116 2791 redeuntia

67 2828 151 2895 folio
162 2830 280 2895 festum
293 2832 354 2893 elle
371 2830 473 2895 addit.
511 2834 639 2915 Nempe
655 2847 756 2916 prout
770 2830 953 2915 posuerunt
965 2832 1114 2900 Thulen,

66 2930 104 2997 iu
128 2929 183 2995 hie
208 2914 309 2995 eiiam
331 2931 511 2997 variarunt.
560 2935 678 3019 Neque
697 2948 810 2995 tamen
827 2929 957 2994 Plinius
976 2928 1112 3016 aliique,

66 3032 127 3123 qui
135 3036 294 3114 Pytheae
316 3033 547 3099 auctoritatem
566 3034 794 3119 praeferunt.
807 3048 896 3095 reete
919 3052 997 3093 eum
1016 3050 1112 3117 oepe-

65 3152 164 3210 runt,
197 3151 261 3199 aut
275 3135 511 3208 reddiderunt,
542 3132 592 3198 uti
617 3136 752 3220 adparet
771 3154 813 3195 ex
826 3129 962 3197 Gemini
980 3130 1112 3216 isagoge

65 3258 139 3325 cop.
156 3250 193 3319 5.
218 3235 323 3301 ubi
293 3258 365 3301 erue
378 3240 480 3301 rerba
495 3236 563 3322 ipsa
578 3238 786 3301 adferuntur.
835 3230 964 3298 Retulit
984 3247 1110 3305 autem,

66 3340 225 3407 barbaros
239 3336 298 3425 iplr
312 3342 426 3403 locum
440 3339 642 3412 monstralle,
665 3336 725 3400 ubi
743 3338 789 3399 iol
810 3334 959 3410 occidam
995 3348 1112 3397 noctee

66 3439 116 3507 ibi
130 3440 226 3507 suille
244 3443 421 3526 perbreree
441 3443 600 3517 duarum,
629 3440 700 3525 post
716 3455 736 3517 5
752 3440 927 3510 horarum,
953 3451 987 3499 et
1008 3436 1112 3499 lolem
1233 3526 1235 3531 Ι

65 3564 136 3609 nou
157 3546 265 3607 multo
288 3544 359 3628 poll
380 3543 531 3607 occasum
551 3539 691 3606 rediille.
740 3540 807 3605 Sed
830 3555 863 3602 et
877 3535 961 3601 lenit
983 3552 1109 3601 unarm-

66 3668 132 3765 que
156 3647 324 3709 mensibus·
340 3643 414 3708 fieri
435 3666 475 3707 ex
499 3642 642 3709 aliorum
665 3638 827 3727 opinione
845 3637 1012 3703 adiectum
1035 3638 1108 3715 elle,

65 3746 181 3813 innuit
199 3743 465 3828 Pliniue4‚3o.
482 3744 505 3811 1.
526 3749 580 3811 16.
632 3745 754 3807 Totam
771 3740 865 3805 illam
883 3736 1108 3804 narrationem

67 3848 110 3915 de
128 3846 291 3917 continua
311 3846 366 3911 die
386 3864 420 3911 et
439 3863 535 3912 nocte
556 3846 757 3917 fabulosam,
792 3859 850 3907 aut
871 3859 962 3907 certe
978 3858 1108 3907 auctam

67 3952 128 4017 9119
150 3947 327 4019 contendit
340 3930 486 4015 Eustath.
508 3951 551 4013 ad
565 3946 701 4029 Dionys.
712 3969 745 4011 v.
762 3956 848 4025 581.
898 3946 948 4009 lta
968 3942 1108 4007 veroin

67 4044 288 4145 &andinaria
309 4048 396 4137 cirea
419 4048 592 4119 lolllidur'n
621 4044 781 4123 aestivam
803 4067 864 4137 per
883 4040 1011 4148 aliquot
1036 4043 1110 4111 dier
