2558 4606
193 357 550 417 rotomorum.
590 358 702 415 Lm.
745 359 778 417 c.
799 361 837 416 11.
880 359 958 430 og.
1062 368 1105 440 49

126 531 202 596 Dr
217 552 239 594 u
251 533 264 593 i
277 530 301 599 d
313 554 330 592 e
342 530 387 614 s)
436 530 587 596 Nominie
613 534 703 618 origo
729 547 763 595 et
789 535 985 619 etymologia
1013 528 1104 599 varia'

57 635 170 698 fertur.
217 632 270 697 cf.
306 634 414 696 Freret
438 636 473 695 in
499 634 569 697 hist.
598 636 637 696 tle
662 632 915 699 l’academie·'-
943 638 983 698 de
1009 637 1098 717 Paria

54 738 94 801 Τ.
118 748 176 817 ι3.
188 758 224 820 p.
245 745 314 814 185
331 734 394 819 sqq.
422 734 560 800 Halaeue
575 740 607 798 in
625 735 742 821 sylloge
757 737 872 801 differt.
890 760 924 801 n.
944 757 999 802 ιο.
1032 741 1099 802 lio·

53 841 142 901 mani
170 836 283 900 ulitate
308 837 455 901 derivant
484 857 501 899 a
529 838 648 901 Graeco
684 833 767 929 δρῦς.
819 824 1097 904 sic'Plin.16.f.

54 937 204 1002 roborum
225 939 349 1021 eligunt
368 938 456 1000 locos
478 972 530 987 -
555 952 593 1001 ut
620 940 693 1001 inde
717 940 873 1020 adpellati
893 953 1098 1027 quoque'ter-

54 1042 236 1103 minatione
261 1041 318 1104 Gr.
337 1033 455 1131 poffint
474 1039 624 1103 Derides
638 1045 758 1104 vocari.
814 1043 899 1103 Hinc
912 1039 1098 1130 Σαρωνίδες
1191 1050 1213 1067 ”

53 1144 138 1224 apud
156 1142 294 1205 Diodor.
305 1155 339 1220 5.
357 1155 416 1220 31.
438 1140 476 1203 ab
493 1142 603 1207 eadem
615 1143 668 1205 Gr.
687 1162 767 1206 voce
788 1146 809 1206 i.
826 1165 854 1207 e.
873 1143 981 1207 κοῖλαι
997 1136 1096 1225 δρύες,

54 1259 90 1306 ut
108 1245 383 1325 quidamputant.
417 1240 581 1306 Cf.etiam
599 1242 733 1322 Helych.
751 1246 783 1306 h.
801 1267 834 1308 v.
875 1245 1096 1309 Atlollicitata
1199 1288 1202 1293 -

54 1346 173 1408 eltittn
192 1346 304 1416 lectio.
331 1357 454 1427 praeter
472 1345 566 1416 allos.
600 1346 639 1405 ab
661 1346 901 1410 lihodomanno
924 1360 957 1409 et
979 1346 1095 1409 Welle·

54 1449 176 1532 liogio.
199 1448 254 1529 qui
272 1448 389 1508 volunt
403 1442 561 1531 Δρουίὸας
575 1466 634 1528 pro
650 1443 852 1533 Σαρωνίδας,
876 1450 929 1510 hic
944 1442 1038 1510 ¹etiam
1056 1467 1098 1511 ex

56 1550 124 1613 aliis
144 1549 241 1611 codri.
264 1546 371 1631 posuit
389 1545 601 1635 Σαρουνίὸας.
636 1547 847 1628 Explolerunt
864 1551 918 1611 alii
935 1551 1093 1629 hancety·
1214 1596 1217 1603 .

54 1652 252 1734 mologiam,
284 1670 363 1733 quae
386 1668 453 1711 non
477 1651 565 1711 cadat
583 1653 615 1711 in
633 1665 756 1712 veteres
773 1651 895 1721 Gallos.
923 1664 955 1714 et
978 1670 1017 1712 ex
1040 1672 1096 1713 vo-

56 1771 127 1815 tum
147 1764 276 1813 tautum
297 1751 500 1814 stmilitudine
513 1752 605 1813 ducta
622 1752 672 1822 fit,
698 1754 817 1813 utalia.
857 1751 907 1816 ef.
928 1752 965 1814 ll.
983 1753 1095 1816 Calau-

55 1852 130 1916 bon.
148 1855 191 1915 ad
215 1855 312 1938 Diog.
330 1853 433 1916 Laert.
450 1853 484 1913 in
507 1872 650 1935 prooem.
668 1855 714 1915 in.
748 1852 855 1916 Davil.
873 1855 989 1921 adlol.
1006 1852 1092 1917 Cael.

56 1956 94 2019 de
115 1955 157 2017 B.
176 1954 219 2017 6.
240 1956 352 2031 6,.13.
402 1954 522 2017 Melino
542 1956 594 2016 alii
617 1956 654 2017 ad
675 1955 828 2018 celticam
852 1956 996 2040 linguam
1021 1975 1096 2017 con·

56 2054 203 2142 lugiunt.
229 2058 264 2117 in
283 2075 346 2138 qua
367 2057 503 2118 occurrit
521 2075 586 2118 vox
603 2056 695 2117 Deru
714 2058 734 2118 i.
753 2077 780 2119 e.
802 2076 951 2139 quercus,
979 2057 1019 2118 cle
1034 2074 1096 2138 qua
1136 2075 1170 2141 '-

55 2160 119 2223 vid.
144 2157 281 2227 Martio.
303 2158 345 2221 T.
365 2176 395 2221 a.
421 2178 493 2242 pag.
517 2160 596 2229 176.
615 2178 641 2220 c.
666 2160 688 2220 1.
716 2173 748 2218 et
769 2156 875 2221 Davil.
897 2176 924 2222 c.
946 2159 968 2219 l.
1034 2159 1095 2220 titi

55 2274 178 2330 tamen.
206 2272 246 2321 ut
266 2260 408 2329 Pezron.
438 2279 534 2340 quem
558 2260 682 2320 inducit
699 2260 836 2330 Martio.
868 2261 960 2322 eliam
980 2278 1097 2322 vocem

56 2362 212 2425 celticam
239 2362 305 2423 huc
329 2359 500 2432 excellunt,
532 2360 612 2422 Hud
634 2363 656 2424 i.
682 2382 711 2423 e.
736 2363 930 2433 decantatio,
962 2360 1031 2432 vel,
1058 2373 1098 2422 ut

57 2464 181 2534 Fceret.
213 2461 369 2527 celticam
383 2463 435 2524 vel
452 2463 657 2524 Hibernicam
673 2462 729 2523 De
744 2461 764 2525 l.
778 2463 832 2524 Di
853 2464 874 2527 i.
891 2482 920 2526 e.
937 2464 1039 2532 Deue,
1063 2475 1097 2524 et

56 2564 235 2627 Rtatdtim
258 2562 281 2627 l.
301 2563 499 2628 Rhouidlrim
522 2565 544 2624 i.
569 2581 597 2625 e.
619 2564 723 2645 loqui.
758 2578 796 2624 ut
822 2564 856 2624 lit
878 2563 963 2646 quali
986 2563 1095 2626 Theo·
1151 2552 1154 2557 ⁸

56 2666 157 2752 logne.
196 2667 237 2729 In
252 2664 447 2727 carminibus
466 2666 553 2727 enim
568 2664 760 2727 Britannicis
778 2664 852 2726 laec.
871 2679 905 2743 5.
919 2678 952 2727 et
967 2666 1002 2728 6.
1028 2665 1097 2747 qui·

57 2768 114 2831 boe
134 2767 288 2831 nondum
310 2768 402 2850 plane
422 2763 584 2849 exstirpata
600 2765 661 2827 luit
681 2768 794 2851 religio
811 2767 1020 2835 Druidarum.
1045 2784 1094 2828 te·
1157 2754 1159 2760 ’

56 2873 227 2953 pariuntur
239 2870 381 2931 Druidae
396 2869 472 2930 dicti
489 2867 714 2951 Derouyddeh.
750 2869 903 2952 Quidam,
920 2882 957 2927 ut
971 2867 1095 2932 Buche-

57 2973 118 3035 rim
138 2974 175 3033 in
197 2970 315 3055 Belgio
331 2972 427 3033 Rom.
441 2985 476 3045 5.
494 2984 528 3050 4.
551 2979 604 3048 14.
627 2983 792 3031 recurrunt
811 2972 847 3031 ad
865 2970 1019 3032 celticam
1037 2986 1096 3032 ro·

41 3093 123 3154 ¹cem
141 3060 251 3135 Deua
272 3075 294 3135 i.
318 3092 346 3135 ο.
369 3073 421 3133 vir
443 3072 604 3140 strenuus,
631 3072 742 3133 meos.
783 3072 856 3134 vm.
879 3071 1032 3133 Hardnin.
1055 3070 1096 3132 ae

58 3170 269 3251 Ptin.16.i.
320 3174 371 3235 Ex
396 3175 504 3256 lingua
527 3172 680 3234 Hebraico
702 3163 789 3239 lli'ii
815 3176 838 3234 i.
862 3192 891 3236 e.
918 3172 1096 3254 exquiltvit,

59 3275 236 3359 consuluit,
276 3275 393 3358 repetit
423 3274 505 3335 Voll.
533 3275 570 3334 ad
598 3269 657 3337 lul.
684 3273 772 3338 Cael.
798 3275 871 3339 col.
906 3292 1096 3355 quamquam

59 3379 217 3461 (lenique,
250 3389 290 3437 ut
314 3379 491 3447 incertum,
522 3376 556 3436 id
581 3376 734 3447 ‹limittit3
771 3376 962 3455 constantius
986 3387 1097 3437 tuetur

60 3481 219 3544 Schedius
248 3480 290 3541 de
317 3479 390 3541 Diie
422 3478 570 3541 German.
590 3492 623 3540 2.
645 3497 711 3560 cap.
731 3491 764 3558 3.
805 3478 1038 3539 Germanorum
1064 3492 1098 3540 et

62 3581 246 3649 Gothorum
266 3577 417 3642 Dmhtin
438 3577 458 3641 l.
478 3578 629 3650 Drottin,
656 3581 679 3641 i.
704 3599 732 3642 e.
756 3580 889 3649 domus,
923 3579 1032 3649 herm,
1062 3579 1097 3645 in

10 3694 13 3743 ἱ
62 3682 234 3745 lubsrclium
251 3681 497 3744 vocatllalaeue
515 3700 543 3743 c.
563 3680 585 3742 l.
640 3681 707 3763 Qui
729 3681 918 3743 ex.·Graecie
940 3681 1097 3751 derivant,

10 3766 14 3835 l
62 3805 123 3847 non
147 3783 255 3848 lolum
278 3797 402 3852 veteres
425 3782 579 3864 quosdam
602 3782 692 3844 telles
718 3781 833 3844 habere
856 3785 1018 3866 videntur,
1045 3782 1100 3844 vel
1169 3781 1172 3786 ’

12 3928 15 3935 ·
64 3888 237 3957 adiutores.
273 3883 323 3945 led
341 3896 374 3946 et
394 3886 504 3946 locum
527 3884 604 3944 lulli
620 3883 707 3946 Cael.
727 3884 768 3943 de
788 3882 826 3943 B.
843 3883 882 3948 G.
902 3885 935 3954 6,
959 3896 1014 3964 24.
1029 3883 1099 3944 obi

12 3970 16 3977 ⁴
67 3990 215 4058 traditur,
250 3986 382 4049 Graecie
400 3986 501 4049 litem
521 3982 593 4047 olm
617 3984 678 4046 elle
700 3978 854 4054 Druidas,
879 3986 965 4066 qood
983 4007 999 4047 a
1016 3985 1100 4047 Pho·

13 4068 18 4087 ’
67 4092 151 4187 oeta,
173 4083 330 4153 Mall'rliae
346 4087 577 4159 conditoriboa,
598 4083 777 4169 proiectum
793 4100 908 4168 putant
923 4087 984 4149 viri
1001 4087 1100 4152 docti.

16 4200 18 4207 ⁵
104 4203 311 4281 Pomp·Mela·
328 4203 444 4278 ἔκαμε.
461 4200 564 4259 Lttll.
811 4189 843 4250 D
890 4246 897 4255 ,
