2558 4606
172 347 235 417 ιιι
442 330 612 409 uorax·
646 295 950 391 nxaoaaruaa
1013 338 1016 347 ·
1087 322 1117 357 -’

94 580 98 585 ,
178 508 361 592 Xenophon
384 504 419 568 in
442 505 617 569 Memoirea
632 538 684 553 -
703 504 744 567 ale
765 506 853 569 Paria
869 509 911 570 T.
927 507 960 570 6.
983 526 1016 589 p.
1034 510 1121 582 354„
1146 496 1222 585 (ed.

179 613 282 698 Hag.)
316 612 368 681 At,
385 621 479 695 puto,
495 609 549 671 vel
565 608 771 693 negligentia,
787 609 840 671 ael
850 629 962 685 ⁸rerunt
981 627 1059 692 uaga
1074 604 1223 675 namatio,

180 716 216 779 id
242 713 374 796 peperit.
426 711 481 772 Sia
504 706 544 771 (ιο
564 709 658 795 gellia
678 710 842 795 aUBacelro
860 710 956 773 rebua
971 722 1121 780 notatur,
1146 724 1225 789 quaa

181 815 311 883 Arabiae
326 813 395 887 alii,
417 812 471 875 alii
486 811 596 873 indiae
611 811 770 875 tribuunt.

243 1040 322 1083 aton
344 1017 428 1078 Eoo
454 1013 636 1097 tontum)
660 1014 743 1077 Plin'.
756 1036 782 1079 c.
797 1015 820 1077 l.
837 1034 901 1077 non
912 1014 984 1075 Eoo
997 1025 1126 1075 auaitum
1141 1008 1228 1073 mars

112 1194 115 1199 ,
186 1120 355 1191 adiacens,
379 1138 487 1180 venam
508 1128 539 1179 et
560 1116 750 1188 meridiano,
774 1115 861 1201 quod
881 1114 1027 1177 Indicum
1049 1112 1229 1195 adpellant.

154 1238 156 1242 ‘
187 1245 268 1289 ιιιιιι.
299 1220 411 1285 Strabo
433 1229 488 1297 15.
505 1219 551 1282 in.
542 1212 687 1308 ,πρώιιι
704 1214 844 1284 ἔκκειται
863 1210 942 1306 πρὸς
957 1213 1031 1291 ταῖς
1047 1209 1231 1288 ἀνατολαῖς

185 1320 344 1417 μεγίστη,
370 1334 402 1382 et
424 1319 516 1383 Curt.
532 1332 566 1398 8,
584 1339 619 1401 9.
634 1321 681 1384 in.
703 1332 776 1383 tota
789 1310 898 1411 sume
912 1309 1045 1410 spectat
1062 1312 1231 1379 orientem.

43 1478 75 1517 ¹-
186 1426 318 1492 Solinua
341 1443 407 1504 cap.
423 1433 481 1499 52.
499 1419 521 1483 s.
540 1433 600 1501 55.
625 1419 667 1484 ab
690 1419 826 1485 Emoda
857 1416 1017 1507 monttbus
1041 1409 1236 1510 auspicati&

184 1525 290 1592 India
303 1546 324 1586 a
339 1522 513 1585 meridiano
531 1524 614 1585 mari
634 1535 781 1605 porrecta
801 1518 847 1583 ad
864 1522 926 1593 Eo,
952 1535 990 1584 ut
1006 1520 1155 1585 Martian.
1171 1516 1233 1581 Ca·

126 1658 129 1665 ·
188 1625 346 1714 pellalib.
363 1621 396 1688 6.
411 1645 442 1706 p.
455 1637 540 1702 225.
579 1627 622 1687 Et
639 1624 745 1687 srealii
761 1637 914 1687 auetorea.
953 1623 1003 1685 Ab
1019 1619 1233 1685 oeoalulndo

119 1804 122 1809 ¹
188 1728 381 1817 terminant,
407 1726 536 1807 qnidam
555 1744 572 1786 a
594 1724 822 1808 septemtrione
842 1725 993 1787 extremis
1015 1723 1116 1787 Tauri
1137 1700 1235 1805 parta·

187 1829 261 1902 bue,
283 1840 322 1889 ut
335 1827 450 1892 Strabo
469 1837 523 1905 15.
542 1826 710 1910 p.474.s.
729 1828 813 1907 659.
838 1847 896 1909 qut
886 1826 948 1888 ab
965 1825 1081 1891 Arrana
1096 1826 1239 1910 potrtgtt

189 1933 231 1996 ιιι
249 1950 335 1993 mare
354 1931 472 1992 Eoum.
515 1929 645 1993 Solinua
663 1948 689 1990 c.
707 1929 730 1993 l.
750 1950 768 1993 a
788 1925 1014 2011 septemtrione
1028 1926 1070 1991 ad
1083 1940 1235 1991 montem

188 2029 365 2101 Caucasum
381 2030 543 2103 extendit,
570 2049 649 2113 quae
665 2044 774 2094 tamen
792 2031 904 2103 verba,
939 2049 1014 2093 eum
1025 2048 1090 2095 nee
1108 2028 1238 2091 Pliniua

189 2134 323 2204 habeat,
355 2131 541 2195 auctoribus
554 2132 674 2203 libria,
704 2135 860 2215 expunxit
881 2132 1057 2195 Salmasius.
1108 2130 1236 2195 Pliniua

90 2268 92 2281 ι
191 2238 290 2300 etiam
309 2234 342 2302 6.
358 2249 417 2297 at.
435 2230 456 2294 s.
479 2247 536 2309 17.
553 2232 792 2319 longitudinem
810 2232 1124 2318 aseptenatrionead
1140 2234 1238 2297 meri·

191 2337 279 2399 aliem
290 2334 414 2397 definit.
441 2333 476 2395 Si
492 2352 569 2398 vero
583 2334 726 2398 nostrum
740 2332 905 2415 intuearis,
921 2337 960 2398 ad
971 2326 1238 2419 septemtrionem

140 2444 147 2461 ⁸
190 2437 287 2523 ponit
300 2419 443 2514 Scythae,
464 2435 554 2499 Sacaa
564 2449 602 2499 et
616 2436 715 2507 Serae,
740 2439 929 2520 indiamque
944 2439 983 2499 ab
997 2438 1069 2500 Eoo
1087 2438 1238 2501 mari-ex·

192 2537 340 2619 orditur.
382 2538 483 2621 lgitur
499 2539 539 2600 de
556 2535 781 2619 septemtrione
797 2541 832 2601 in
850 2540 960 2603 indiae
977 2538 1123 2603 terminio
1143 2539 1238 2613 nihil,

192 2638 254 2704 nili
274 2637 386 2700 verba:
421 2651 452 2701 at
473 2639 547 2699 hine
573 2637 672 2701 Tauri
693 2640 791 2720 iugis,
818 2640 875 2703 ubi
898 2640 1008 2724 paullo
1027 2654 1102 2703 ante
1122 2640 1238 2705 Strabo

180 2733 350 2822 'terminos
366 2759 383 2801 a
399 2737 624 2822 septemtrione
639 2738 789 2814 faciebat,
814 2762 853 2805 eo
870 2743 952 2814 velia
964 2739 1099 2814 reserte,
1124 2744 1149 2809 i.
1168 2763 1199 2807 e.
1220 2762 1245 2806 a.

194 2833 342 2912 Seribna,
368 2853 405 2902 ut
419 2854 444 2922 4
457 2841 563 2926 plagae
579 2841 620 2903 sic
635 2844 837 2914 indicentur,
862 2858 896 2906 et
912 2842 1152 2927 septemtrionia
1172 2864 1241 2929 pat·

195 2958 263 3031 tarn
283 2944 419 3026 aliquam
440 2955 587 3005 notatam
607 2943 734 3009 habeas.
785 2945 873 3007 Tum
896 2966 974 3009 vero
997 2943 1087 3029 supra
1110 2945 1241 3011 cursum

195 3045 333 3133 omnino
353 3044 568 3107 adorientem
590 3044 767 3118 intellexit,
792 3046 828 3109 in
848 3049 940 3111 onina
959 3048 1074 3111 ultimo
1097 3051 1241 3113 termino

193 3159 230 3211 et
249 3142 322 3209 Indi
341 3141 423 3208 sunt.
473 3147 517 3209 Et
533 3144 648 3231 spectat
664 3148 764 3211 Tauri
778 3148 874 3212 etiam
891 3169 964 3233 para
985 3150 1025 3213 ad
1042 3147 1242 3234 septemtrio·

194 3267 290 3333 nem,
326 3247 463 3309 maxime
485 3249 572 3309 unde
599 3249 699 3312 lnrlua
723 3249 891 3316 delabitur.
951 3252 1103 3315 Indicum
1130 3266 1263 3335 autem-

187 3349 364 3423 ¹Oceanum
385 3347 424 3409 ab
445 3346 544 3411 insula
559 3350 780 3434 Taprobane,
793 3372 875 3434 quae
891 3353 931 3415 ad
945 3354 1072 3415 Eurum
1088 3374 1244 3437 promota·

68 3508 74 3519 ,
195 3451 280 3515 ιοιὶο
303 3448 459 3535 Calligieo
487 3452 575 3528 (aliia
594 3452 637 3517 esi
659 3452 771 3532 Colla)
797 3452 951 3526 subiacet,
989 3456 1134 3541 incipere
1162 3456 1242 3521 dieta

194 3551 326 3643 Orosius
347 3572 376 3624 t,
393 3565 428 3614 a.
448 3571 481 3635 p.
503 3555 781 3620 incursavere.

272 3752 356 3816 veli
353 3744 600 3844 siccantibus
605 3753 626 3838 )
663 3757 762 3842 Quod
778 3758 853 3821 licet
867 3759 904 3820 sit
918 3712 1091 3833 incertum,
1107 3774 1242 3849 propiet

56 3858 58 3862 ’
194 3858 383 3921 varietatem
407 3867 600 3928 ventorum,
633 3872 758 3923 veterae
781 3872 889 3923 tamen
912 3856 1023 3944 paffim
1044 3862 1129 3927 hane
1148 3865 1247 3937 ratio,

195 3980 272 4023 narn
298 3969 494 4027 tennerunt,
532 3970 569 4019 ut
588 3959 740 4042 -inprimia
764 3976 852 4045 patet
877 3981 923 4041 ex.
942 3961 1081 4045 'Sep-laci„
1104 3966 1240 4051 9035919,

195 4080 223 4127 ι.
237 4066 434 4124 ιιοιιοιιιι
448 4056 526 4123 Ma.
579 4060 632 4127 De
649 4061 750 4128 verbo
765 4077 875 4139 autem
894 4061 1070 4158 velficata,
1096 4068 1187 4159 qnod
1206 4078 1244 4149 ᾳ
1268 4156 1271 4163 Ι
