2558 4606
220 364 277 425 IN
302 363 439 423 POMP.
469 364 579 423 Met.
620 366 657 424 1..
678 368 730 424 ill.
773 364 879 431 ott.
921 369 1052 443 §·7.8.
1096 374 1170 433 flia

121 538 264 604 diversae
288 532 435 603 nationes
459 539 598 603 habitare
623 539 719 603 refert
740 542 914 605 lomandee
938 544 979 607 de
1002 545 1070 610 reb.
1095 547 1170 613 Get.

122 662 191 725 cap.
210 656 243 722 3.
276 662 410 723 quarum
435 652 455 717 7
482 656 608 704 tantum
631 645 765 705 nomina
787 651 1045 709 memorentur'a
1062 649 1172 713 Ptole·

120 763 228 817 maen,
254 743 314 806 etsi
328 763 415 805 nunc
432 748 481 823 (o,
503 746 574 821 rt.)
596 743 645 806 sex
665 758 790 807 tanturn
808 748 1026 821 inveniantur,
1048 769 1170 833 nempe

125 846 322 915 Ghaedt‘nos,
350 847 534 915 Phavonns,
561 838 745 938 Phiroesos,
776 848 898 920 Gutus,
924 850 1112 914 Dauctones
1133 864 1169 915 et

119 948 282 1012 Lenonos.
309 946 420 1010 Plures
433 948 574 1011 recenset
590 951 766 1012 lornandee
780 950 857 1033 ipse,
874 972 915 1013 ex
929 954 1045 1034 quibua
1060 954 1168 1027 Firmi,

119 1050 329 1121 Finnar‘thae,
353 1049 501 1131 Suetlrr'di
522 1084 575 1097 -
596 1052 764 1136 regionem
779 1065 811 1116 et
826 1053 921 1115 litum
936 1057 1092 1122 innuunt.
1143 1078 1147 1087 ·
1177 1094 1180 1099 ·

194 1250 339 1335 aliar)
388 1221 539 1317 Ufitatiue
555 1254 598 1317 eil
616 1254 765 1318 dativum
787 1255 961 1341 adponere.

288 1459 381 1535 Μ.
434 1456 664 1540 Sarmatis)
723 1460 811 1522 Ultra
838 1461 988 1524 vistulam
1018 1463 1054 1524 in
1087 1466 1169 1526 mari

119 1558 219 1622 etiarn
242 1557 377 1621 Baltico.
416 1555 467 1620 cf.
489 1572 522 1635 5.
546 1571 582 1635 4.
635 1559 720 1642 Quia
744 1575 857 1624 tractus
875 1564 935 1633 hic,
960 1565 1012 1625 cui
1029 1556 1170 1657 adversa

119 1663 143 1723 i.
163 1681 193 1723 e.
217 1679 236 1722 e
258 1661 391 1744 regione
413 1658 511 1739 pofita
532 1656 599 1718 'suit
614 1661 775 1731 Sarmatia,
806 1682 872 1725 non
896 1663 1049 1736 insularis,
1082 1681 1169 1728 certe

120 1762 225 1825 hodie
248 1761 308 1832 eli,
341 1759 393 1827 secl
420 1763 591 1822 continent
617 1774 716 1834 terra;
750 1764 901 1825 Sarmatia
927 1784 987 1848 pro
1011 1764 1169 1830 hodierna

108 1880 228 1927 retum
243 1860 322 1925 facie
337 1881 417 1922 non·
426 1863 459 1922 in
482 1881 567 1923 mare
585 1859 843 1945 septemtrionale
863 1863 1043 1938 veteribut,
1070 1867 1168 1933 nobie

107 1966 278 2029 'Ost-See
301 1965 443 2033 dictum,
473 1965 654 2046 prominet,
690 1963 741 2026 sed
768 1954 862 2026 inllar
887 1968 982 2029 cunei
1011 1969 1050 2029 ad
1076 1986 1168 2033 oram

106 2062 295 2141 ,Prufficam
317 2067 483 2128 terminata
505 2064 558 2127 eil.
612 2065 698 2129 Nlela
718 2068 818 2151 igitur
838 2069 961 2150 primun
977 2069 1168 2135 Sarmatiam

106 2170 327 2253 z-Europaeam
348 2182 490 2229 accurate
505 2150 680 2249 descripsit,
715 2181 752 2229 ut
768 2169 871 2253 digito
893 2172 927 2231 in
946 2169 1052 2233 tabula
1068 2188 1170 2235 mort·

118 2272 212 2335 strare
228 2265 336 2359 possia.
372 2271 425 2332 Sic
435 2268 569 2331 vistulae
585 2272 707 2352 primur
722 2272 884 2333 meminit.
912 2273 1008 2336 Forte
1023 2290 1062 2334 ex
1078 2272 1167 2339 bello

115 2371 395 2436 Marcomannico.
435 2372 507 2433 Vid.
527 2371 671 2436 Gatterer
694 2373 730 2433 in
753 2386 978 2440 commentatt.
998 2402 1048 2421 -
1068 2375 1168 2441 Goer-
1209 2454 1212 2461 Ι

116 2478 200 2563 ring.
217 2474 289 2537 Vol.
311 2489 366 2537 ro.
385 2492 418 2556 p.
438 2481 523 2552 194.

110 2708 113 2713 ·
198 2675 416 2758 anonas)
472 2678 522 2738 De
545 2673 716 2759 scripturae
740 2679 892 2741 varietate
916 2678 1039 2742 dictum
1063 2678 1165 2743 estin

119 2792 189 2843 not.
210 2782 281 2843 crit.
304 2801 336 2862 p.
357 2796 426 2858 r9o
444 2777 506 2860 sqq.
546 2779 672 2842 Plinius
687 2788 722 2858 4.
744 2794 803 2855 27.
827 2779 845 2841 s.
869 2781 1007 2862 15.hoc
1028 2784 1166 2845 nomine

108 2878 196 2945 ¹iacit
215 2879 349 2950 insulae,
374 2882 408 2940 in
433 2882 548 2961 quibua
573 2882 644 2943 ovie
666 2880 776 2943 avium
799 2897 832 2944 et
847 2883 958 2945 avenie
976 2883 1098 2945 incolae
1117 2883 1167 2945 vi·

114 2998 209 3047 rent.
247 2980 333 3046 cum
348 2976 455 3044 Plinio
470 2979 543 3043 facit
560 2981 689 3044 Solinus
706 3002 732 3044 c.
750 2998 810 3045 22.
825 2981 846 3046 s.
862 3002 917 3062 ¹9·
934 3003 1009 3045 aver
1026 2985 1165 3049 marinae

110 3098 247 3151 tantum
270 3096 381 3154 vocat,
408 3104 486 3165 quaa
506 3083 654 3167 palustres
676 3083 800 3147 Noster.
853 3085 995 3167 Uterque
1011 3104 1089 3148 vero
1110 3084 1165 3147 ali·

109 3202 275 3271 ·qoantum
294 3187 328 3246 in
347 3184 403 3246 fittt
420 3187 455 3246 in
477 3186 526 3247 hie
540 3198 573 3247 et
592 3183 795 3267 sequentibue
810 3187 953 3249 notando
965 3187 1102 3258 recedit,
1129 3198 1167 3249 et

108 3287 228 3353 ‘verim
251 3284 542 3369 septemtrionalem
566 3285 731 3349 Oceanum
753 3288 859 3371 ponit.
910 3289 999 3348 Tum
1023 3288 1100 3352 inde
1122 3286 1164 3354 ati

119 3390 223 3453 linum
249 3387 437 3460 Codanum,
463 3391 497 3450 in
521 3407 585 3470 quo
609 3389 835 3461 scandinavia,
858 3404 893 3451 et
915 3388 1066 3453 vistulam
1088 3406 1163 3471 pro·

118 3495 205 3556 cedit
227 3486 363 3554 Pliniua·
415 3493 456 3552 At
481 3493 516 3553 in
538 3488 602 3572 ipsa
630 3474 857 3562 Scandinavia,
892 3490 963 3563 seu,
991 3503 1030 3551 ut
1055 3505 1162 3563 vocat,

120 3582 265 3664 &anaim
295 3591 451 3655 ¹hominen
474 3604 633 3655 memorat
654 3593 829 3656 lornander
845 3594 885 3657 de
905 3592 973 3656 reb.
991 3592 1064 3655 (let.
1079 3613 1107 3657 c.
1124 3606 1160 3672 3.

110 3698 173 3779 'qui
188 3693 337 3759 carnibus
353 3690 509 3765 serarum,
535 3706 629 3774 atque
650 3695 722 3756 oria
740 3698 852 3756 arium
869 3695 1000 3765 vivant,
1024 3694 1080 3755 etii
1101 3712 1161 3776 pro

119 3798 188 3861 ovis
202 3800 314 3859 avium
328 3796 433 3859 Codd.
450 3797 548 3857 etiam
569 3795 677 3878 legant
698 3797 804 3858 ovium
818 3797 997 3880 aviumque.
1031 3794 1161 3878 Nempe

118 3899 326 3964 Scandinavit
351 3897 390 3964 ad
418 3897 522 3963 smum
553 3897 726 3963 Codanum
746 3912 779 3962 et
795 3917 884 3961 mare
906 3896 1161 3979 septemtrionale

119 3994 258 4091 utroque
283 4005 378 4067 latere
405 4001 549 4065 iacebat.
570 4019 773 4064 rzecrrvcrra.
841 3996 1007 4062 tteceffitre
1032 3998 1161 4059 videtur

116 4104 178 4175 lioc
193 4110 269 4174 loco
285 4103 449 4171 accesere
464 4116 573 4168 auctor
588 4102 708 4175 noster,
734 4114 769 4166 et
789 4100 914 4167 secutur
929 4098 991 4165 elle
1006 4098 1160 4183 Pythiam
