2558 4606
167 320 228 395 'et
455 317 971 401 torta-axaoarro'tn·
1043 416 1047 421 Ι

184 501 357 597 graffiono.
384 526 444 590 qua
461 504 542 571 iufra
557 526 632 570 eum
655 508 840 582 inveniunt
866 528 925 571 nec
938 508 1029 572 aliter
1046 506 1155 571 suadet
1171 527 1230 572 nu·
1243 584 1266 595 Γ

186 628 355 676 merorum
370 611 451 671 ordo
466 611 501 680 in
515 610 714 682 Ptolemaeo.
731 612 786 691 qui
801 613 841 673 in·
852 611 976 673 Hondii
992 623 1024 672 at
1037 611 1139 674 Bertii
1152 611 1229 675 edd.
1252 657 1256 661 -

185 702 351 796 depravati
378 710 542 796 leguntur.
600 710 670 774 Neo
696 712 786 774 aliter
807 713 900 795 ponit
923 713 1074 775 Marcion.
1101 713 1227 776 Heracl.

184 834 220 898 p.
236 825 296 895 40.
314 810 414 876 liuds.
449 810 679 875 Potesttamen
695 813 767 883 hoc,
789 815 876 895 quod
890 826 924 878 et
938 827 1050 875 monet
1065 813 1227 902 Manuert,

186 914 325 999 obponi,
350 914 433 999 Tagi
450 914 564 976 ostium
586 935 652 977 non
672 917 711 977 ad
732 928 906 978 extremam
922 934 1009 977 oram
1031 918 1168 1000 porrigi,
1194 925 1228 977 et

184 1016 265 1080 hino
284 1012 416 1077 inferior
434 1016 522 1077 sitam
538 1017 666 1077 narrari.
716 1017 869 1080 Ceterum
893 1017 989 1078 huius
1007 1017 1097 1078 urbis
1117 1015 1228 1079 descri-

183 1108 333 1205 piionem
354 1118 445 1179 dedit
461 1117 635 1179 Damiauue
649 1136 666 1178 a
682 1117 784 1189 Goee,
806 1131 896 1200 ‘quae
916 1116 1028 1180 inserta
1042 1117 1086 1179 eii
1103 1116 1230 1180 Schotti

185 1219 279 1305 Hisp,
299 1217 407 1287 illustr.
431 1220 472 1283 T.
493 1235 524 1281 a.
547 1231 668 1301 p.¹·379
685 1217 748 1301 sqq.
779 1257 782 1263 ,
803 1221 1015 1283 Conditorem
1036 1235 1070 1279 et
1085 1219 1139 1280 hic
1153 1217 1230 1281 satit

183 1319 335 1403 Ulyffem.
343 1342 376 1403 p.
391 1331 474 1396 880.
501 1319 665 1384 Strabonis
680 1316 867 1403 auctoritate
881 1334 989 1386 mottre
1003 1333 1037 1385 et
1050 1317 1142 1383 scribi
1155 1318 1228 1384 vult

183 1445 220 1509 p.
235 1433 321 1505 gar.
341 1417 475 1529 Olisipo.

266 1623 395 1715 Tagi)
443 1623 496 1689 Sit
518 1624 629 1689 Graeci
652 1592 760 1692 etiam.
797 1628 849 1690 De
869 1625 1067 1712 etymologia
1094 1625 1230 1708 quidam

183 1726 349 1817 laborant,
375 1725 427 1788 sed
450 1725 568 1789 frustra.
624 1728 678 1790 Sic
700 1726 807 1809 Tagus
825 1744 881 1792 rex
900 1743 1098 1811 memoratur
1113 1747 1131 1789 a
1148 1725 1230 1792 Silio
1248 1752 1250 1756 ·

49 1824 54 1837 ’
184 1828 256 1905 lut.
278 1849 308 1900 t,
331 1840 411 1905 152.
433 1829 472 1890 ab
494 1829 555 1891 hoo
575 1828 709 1892 flumine
727 1844 908 1915 cognomen
926 1827 1111 1892 adsumsrffe.
1164 1828 1229 1892 Sed

184 1945 311 2016 praeter
332 1928 487 1992 Berosum
511 1931 603 1993 ilium
630 1932 735 2007 liin-5.
757 1951 789 2013 p.
805 1952 849 1994 m.
867 1941 901 2007 8.
924 1932 994 2010 (ed.
1017 1933 1144 2008 ¹5²¹·)
1167 1930 1229 1992 Ta·

99 2076 108 2089 .
184 2053 274 2119 gum,
300 2034 419 2102 virum.
443 2027 592 2095 adferunt
608 2034 705 2095 etiam
721 2032 831 2117 Virgis.
847 2033 926 2094 Aen.
946 2050 979 2111 9.
995 2040 1080 2114 418.
1108 2031 1229 2097 Lucan.

186 2148 221 2215 8,
239 2135 327 2213 586.
364 2134 390 2195 A
409 2132 603 2217 Carthagine
620 2132 786 2215 Hispaniae
801 2152 922 2196 nomen
939 2131 1124 2215 impositum
1139 2129 1231 2206 spisse

186 2237 283 2298 tradit
298 2232 413 2295 ‘liidon
431 2232 521 2316 Orig.
543 2247 599 2313 15,
617 2249 677 2297 21.
728 2234 872 2297 Certiora
900 2236 994 2296 haec:
1022 2233 1134 2296 Oritur
1154 2226 1231 2296 oum

45 2404 49 2411 ,
184 2338 256 2402 tna
271 2339 305 2396 in
321 2337 470 2396 orientali
485 2332 653 2418 Hispaniae
668 2349 766 2418 parte,
785 2353 824 2399 eo
839 2350 962 2398 tantum
979 2335 1175 2407 discrimine,
1192 2348 1231 2420 ut

185 2439 272 2503 Anas
285 2438 414 2498 reatain
431 2435 596 2497 Oceanum
612 2450 814 2508 exoneretur,
840 2436 996 2501 hiosaoti'e
1011 2418 1146 2499 fletibus
1162 2456 1232 2499 rer·

184 2539 236 2603 sue
254 2539 423 2601 meridient
439 2539 593 2602 decurrat.
617 2537 753 2622 (Strabo
770 2554 804 2616 8.
818 2559 850 2621 p.
867 2536 962 2619 96.s
986 2534 1086 2623 139.)
1120 2538 1231 2602 Ptole·

184 2661 297 2703 maeue
313 2656 347 2709 2.
371 2653 403 2718 8.
421 2640 464 2701 in.
492 2659 531 2701 ex
555 2652 769 2703 numerorum
793 2640 916 2703 ratione
944 2637 1050 2703 sontes
1078 2640 1174 2722 pouit
1195 2641 1254 2702 in'

159 2771 160 2774 ¹
186 2742 374 2827 Carpetania
398 2760 498 2823 prope
515 2740 712 2820 Celtiberoa,
724 2779 726 2783 -
739 2741 796 2802 ubi
811 2739 884 2802 sunt
898 2741 991 2804 urbae
1006 2742 1231 2822 Complutum,

130 2842 150 2851 ”
185 2836 339 2923 Caracca,
360 2843 503 2922 (Arriaca
526 2843 610 2924 apud
630 2840 785 2909 Antonin.
802 2844 838 2905 in
861 2844 934 2906 itin.
951 2863 1020 2927 pag.
1041 2843 1149 2924 486.)
1178 2841 1231 2904 sed

185 2966 261 3009 euru
281 2945 379 3019 hodie
402 2944 489 3024 (rid.
504 2941 723 3026 Biischingrp.
740 2964 786 3007 m.
801 2945 858 3022 6³)
881 2946 916 3004 in
934 2945 1101 3024 provincia
1120 2941 1232 3026 Hispa·

179 3030 488 3111 ¹triaitiiiiremadura
505 3047 634 3113 oriatur,
651 3064 724 3106 cum
741 3042 847 3108 fontes
861 3042 1105 3108 finedubioiint
1118 3043 1232 3117 iidem,'

185 3150 324 3218 trlteriut
339 3147 420 3209 iusto
435 3145 539 3230 posuit
554 3131 773 3210 Ptolemaeue.¹
787 3165 791 3181 ‘
804 3141 918 3211 Strabo
935 3164 969 3210 2.
982 3168 1016 3231 p.
1028 3160 1087 3225 78.
1104 3144 1126 3209 s.
1146 3162 1231 3223 ¹⁰7·

187 3255 323 3335 amplius
345 3269 437 3313 rouo
453 3228 597 3310 'stadiiassa
618 3248 789 3327 Pyrenaeis
803 3245 956 3319 semovet,
983 3248 1070 3310 unde
1090 3249 1232 3332 graviter

186 3357 329 3439 increpat
348 3349 546 3448 Polybium,-
563 3347 650 3431 quia
666 3346 809 3412 fontibue
829 3350 873 3412 ad·
885 3349 958 3411 oiiia
974 3348 1076 3411 cursui
1091 3368 1131 3411 ex
1144 3363 1232 3411 recta

186 3459 272 3521 linea
288 3448 457 3534 subputato
473 3451 570 3513 6000
589 3449 649 3526 (stc
663 3451 759 3514 codd.
774 3469 833 3533 pro
850 3453 969 3530 8000)
987 3451 1080 3513 iiadia
1100 3450 1230 3523 tribuat,
1263 3476 1266 3481 ·

187 3571 300 3643 quota
317 3553 487 3631 Pyrenaeis
509 3551 549 3613 ad
571 3546 743 3615 occiduum
764 3553 848 3625 iatue¹
868 3551 1052 3634 Hispaniam
1072 3554 1230 3616 extendit.

187 3662 260 3725 Alio
275 3672 383 3719 tamen
401 3655 474 3715 loco
490 3651 603 3715 Strabo
624 3649 680 3737 (3.
698 3670 733 3736 p:
754 3666 833 3731 ro5.
850 3652 871 3717 s.
893 3650 996 3736 152.)
1013 3673 1089 3716 eum
1102 3674 1143 3714 ex
1159 3653 1231 3717 Cei·

173 3836 175 3840 4
189 3761 300 3827 tiberis
316 3758 445 3818 deducit
459 3774 515 3837 per
529 3756 684 3817 Vettones
695 3769 729 3821 et
746 3755 952 3840 Carpetanos.
984 3756 1078 3826 idem·
1092 3755 1138 3815 ibi
1150 3755 1232 3816 effu·

189 3865 293 3927 iiouee
305 3861 374 3924 eiua
390 3855 554 3928 describit,
577 3872 716 3938 euinque
730 3855 868 3941 piscibus
882 3857 1052 3941 ostreisque·
1068 3856 1230 3918 abundare

190 3966 289 4029 addit.
341 3960 406 4022 Sed
427 3959 531 4047 maiua
552 3956 609 4029 eii,
640 3958 728 4040 quod
748 3955 862 4026 Noster
889 3960 1071 4042 praedium,-
1091 3977 1232 4038 genrmar

189 4083 362 4153 aurumque
382 4079 541 4149 generare.
561 4060 872 4163 „Pstssttro'qu'idom
888 4059 1154 4127 veterum'ntulti
1173 4072 1232 4125 tra
1253 4062 1264 4071 ”
