2558 4606
169 270 395 372 tritone.
426 314 543 393 Mat..
569 314 609 393 t.
633 317 683 369 111.
727 315 760 372 G.
783 317 806 371 1.
836 316 873 385 ¹d.
897 325 927 386 3.
950 333 979 390 9.
1064 329 1108 389 37

54 483 207 571 adpellati
236 484 319 550 sunt.
365 487 391 549 A
418 484 525 550 Neriie
549 505 625 551 vero
647 492 908 569 promontorium
937 474 1122 550 Celticum

57 592 185 650 dictum
209 591 306 650 etiarn
327 588 371 650 esl
385 588 538 660 Nerium,
570 606 605 649 ut
626 593 709 671 apud
729 578 917 653 Strabonem
936 606 968 667 5.
989 611 1017 669 p.
1039 601 1097 669 ‘dl-

58 690 181 770 [137.
200 693 287 752 conl.
308 711 341 772 p.
362 688 440 754 106.
459 687 480 751 s.
502 704 582 769 153.
610 691 666 751 nbi
681 692 876 757 occidentale
898 694 976 753 latus
992 690 1100 771 Hispa·

56 794 130 854 niae
146 813 221 853 cum
238 789 488 874 septemtrionali
504 794 570 854 coit
583 788 621 855 ‘et
636 794 751 856 Celtici
773 788 893 856 colunt.
930 793 980 858 Cf.
998 791 1096 872 supra.
1182 854 1185 859 ,

57 894 134 959 Sine
151 893 253 955 dubio
268 893 311 955 est
326 876 594 975 promontorium.
611 896 651 957 de
665 916 730 978 qua
744 894 868 967 Plinius
884 907 918 975 4.
937 909 992 974 35.
1007 892 1027 957 l.
1041 912 1099 958 21.

58 996 217 1058 Excurrit
250 994 364 1055 deiude
388 996 422 1055 iu
454 996 555 1057 ultum
586 994 679 1091 vello
711 1000 807 1061 eorrm
837 992 1108 1075 promontorium..

59 1094 153 1181 quod
173 1088 347 1157 Artabrum
373 1096 646 1178 appellavere—
671 1112 786 1169 terras,
825 1080 943 1168 uratia,
982 1090 1099 1159 coelum
1150 1154 1153 1161 .

49 1192 401 1261 disterminaretur
413 1194 535 1290 finitur
550 1193 734 1293 Hispaniae
754 1200 856 1272 latur,
883 1216 912 1261 et
926 1222 948 1261 o
963 1194 1110 1287 circuitu

58 1270 1110 1387 etustuerpttfrous.ldema,112.s.108.atlilludaGa:

58 1401 155 1463 drbue
171 1414 242 1479 491
261 1402 309 1463 M.
326 1402 362 1464 P.
384 1400 506 1471 statuit,
532 1419 563 1463 et
581 1424 621 1466 eo
634 1399 815 1488 longissime
837 1400 976 1465 frontem
994 1400 1102 1487 llrspa

59 1505 131 1564 niae
156 1522 339 1583 procurrere
357 1503 455 1565 addit.
508 1502 610 1567 Non
601 1506 698 1589 igitur
714 1507 893 1567 audiendae
909 1503 952 1565 eli
969 1501 1100 1565 Vascon·
1190 1528 1197 1541 ‘

58 1605 157 1666 cellae
181 1608 219 1664 ad
244 1602 393 1666 llesendii
414 1607 536 1687 antiqu
560 1608 698 1671 Lusitan.
711 1628 751 1699 p.
769 1616 854 1687 247.
886 1609 942 1689 qui
964 1604 1103 1667 Nerium

57 1706 321 1788 promontorium
338 1707 505 1770 Artabrum
526 1710 648 1771 dictum
663 1707 722 1775 else
736 1723 842 1795 negat
910 1790 913 1796 Ι
965 1784 974 1799 1,

228 1910 256 1987 §.
285 1927 320 1989 9.
372 1909 640 1993 Scytbicum)
690 1912 815 1975 Sudant
835 1912 888 1973 hic
914 1912 1102 1993 interpretes

60 2024 92 2072 et
121 2013 157 2071 in
185 2008 336 2095 Hispania
370 2010 432 2074 boc
463 2014 724 2111 promontorium
750 2026 916 2097 quaerunt.
969 2008 1110 2074 Frustra.¹

61 2113 259 2195 intelligitur
278 2116 365 2175 enirn
386 2118 644 2197 promontorium
664 2117 816 2177 ultimum
831 2114 985 2178 Orientis.
1015 2113 1104 2215 tigit

61 2216 147 2275 eninr
172 2214 227 2273 hic
249 2217 288 2273 de
311 2228 375 2276 tota
391 2215 634 2297 septemtrionis
656 2237 710 2279 ora
734 2234 765 2281 et
781 2232 852 2281 totu
874 2231 972 2279 terrae
990 2210 1102 2278 tractu.

61 2334 245 2376 acuamurrte
298 2310 1017 2413 Scythicipromontoriiinsraq'uoque[3‚
971 2356 1030 2391 ‚s
1022 2292 1110 2402 Α]ι

61 2419 227 2485 meminit,
262 2417 320 2477 ubi
352 2417 587 2499 septemtrionis
617 2417 732 2483 insulae
760 2406 914 2483 describit.
965 2416 1104 2480 Putabat

61 2536 169 2581 autern
185 2518 288 2589 Mela,
316 2534 422 2580 toturn
443 2522 504 2582 hoc
520 2523 610 2591 lituo.
638 2524 723 2603 quod
741 2523 779 2582 ab
795 2523 935 2584 Artabris
950 2521 986 2580 ad
1003 2534 1103 2583 extre·
1126 2522 1130 2527 ’
1154 2584 1157 2591 ,

63 2640 153 2682 nrum
172 2640 273 2701 utque
296 2617 555 2702 septemtrionem
574 2626 767 2709 extenditur,
791 2645 872 2707 pene
888 2621 947 2685 esse
964 2635 1101 2695 rectura.

63 2726 134 2785 Hoc
162 2720 267 2805 ipsum
292 2742 419 2804 qnoque
439 2726 530 2785 aliie
558 2726 719 2787 veteribus
741 2724 969 2787 existimarunt.
1013 2724 1104 2785 Errat

61 2828 169 2907 itaque
191 2824 321 2909 insignia
344 2825 397 2889 ille
421 2826 647 2911 Geographua.
679 2824 830 2917 [Cluver.
852 2829 884 2915 in
903 2826 1011 2888 Germ.
1036 2838 1101 2887 ant.

69 2948 97 2998 t,
117 2942 150 2991 Ω.
167 2946 199 3007 p.
224 2921 302 3013 ι7.]
329 2929 385 3006 qui
405 2928 457 2989 hic
476 2928 647 2989 Trileaemn
667 2950 724 3011 pro
745 2924 894 3005 Scythico
915 2927 1101 3008 reponebat.

64 3030 154 3094 Ordo
181 3026 423 3112 Geographicire
449 3041 482 3090 et
505 3027 607 3092 sensns
631 3031 738 3093 Melae
761 3050 828 3092 non
851 3029 992 3091 admittit
1015 3029 1104 3089 illam

64 3130 313 3195 correctionem.
366 3130 530 3192 Praeterea
545 3116 738 3202 Tridentium,
763 3153 826 3193 uon
848 3130 1017 3193 Trileocum
1034 3150 1104 3213 pro·

62 3232 266 3297 montorium
293 3230 356 3294 hoc
378 3220 570 3304 uocabatur,
603 3234 642 3295 ab
668 3235 772 3295 adsrtie
802 3219 911 3294 insulis
948 3231 1106 3293 Trileurir.

64 3333 116 3400 sic
151 3337 261 3433 itaque
289 3330 424 3396 rescribe
453 3336 535 3417 apud
561 3334 782 3399 Ptolemaeum
805 3328 860 3421 [2.
886 3327 941 3422 6.]
973 3324 1107 3422 Tptlttt'r'·
1169 3408 1173 3416 7

66 3457 133 3500 urar
159 3470 213 3482 -
239 3453 388 3498 vosatve.
438 3437 548 3499 Primo
573 3455 690 3521 nempe
711 3439 831 3499 intuitu
846 3434 1017 3519 Hispaniae
1033 3456 1106 3516 pro·

66 3537 269 3601 montorium
292 3535 352 3597 esse
366 3537 513 3623 ridetur,
547 3558 611 3618 quo
633 3541 773 3621 primum
795 3560 812 3601 a
832 3538 954 3603 Celtico
979 3557 1106 3622 progre-

66 3642 187 3712 diatur,
215 3638 294 3698 dum
312 3634 467 3720 reliquam
489 3659 576 3701 oram
594 3639 757 3703 describat.
803 3641 857 3704 Sic
872 3640 1052 3703 Olivarium
1074 3652 1108 3700 et

68 3743 253 3805 Florianum
271 3740 462 3818 existimasse
472 3755 562 3803 notat
577 3741 720 3806 Orteliua
733 3745 767 3804 in
783 3740 860 3803 thel.
878 3742 910 3805 b.
927 3762 959 3803 v.
986 3742 1041 3803 esst
1056 3741 1109 3802 hic

69 3847 99 3906 in
119 3845 209 3907 notia
226 3840 391 3905 Olivariae
413 3845 452 3904 de
469 3844 584 3905 Dacico
603 3845 641 3904 ad
661 3845 829 3914 Stertinium
851 3843 1011 3928 intelligit.
1066 3843 1110 3905 Et

69 3947 105 4011 lic
127 3965 233 4029 nuper
254 3944 373 4005 Pradin
390 3945 424 4006 in
444 3962 520 4008 nota
542 3928 578 4007 etl
598 3945 631 4006 h.
649 3946 670 4009 l.
694 3947 882 4027 Scythicum
900 3949 982 4007 intra
1000 3943 1110 4027 Hispa·

66 4050 137 4113 uiae
174 4050 257 4112 finer
298 4047 515 4129 quaerendam
551 4061 642 4134 putat
674 4044 806 4134 propter
833 4068 886 4121 ea,
921 4067 999 4131 qaae
1027 4045 1112 4108 Mela
