2558 4606
150 352 153 359 ·
213 330 564 393 antoninum.
603 324 719 393 ιιι.
762 333 855 399 cv.
895 335 976 407 ιι.
1058 340 1119 421 ιιιΙ

57 507 164 569 ticam
186 504 230 571 tle
251 507 409 569 maritima
429 520 463 571 et
485 508 518 569 in
543 505 804 591 septemtrionem
825 522 968 593 porrecta
985 510 1116 575 Germa·

28 638 32 645 ·
61 611 137 671 niae
153 607 289 695 regione
303 608 473 693 intelligit3
496 609 652 673 Geluerue
668 613 708 673 ael
722 613 838 674 calcem
849 613 971 695 Orphei
985 633 1016 695 p.
1026 613 1114 692 468.
1194 662 1197 671 .

62 709 105 773 tle
123 706 277 793 Hilpania
297 723 331 773 et
345 709 562 795 Hyperboreis
576 712 616 773 ad
636 714 761 776 Atlanta
780 715 856 777 inde
877 714 952 777 satie.
1006 714 1115 797 Prope

60 794 233 875 tomeem'
256 825 290 875 et
312 809 527 896 Hesperidum
548 813 660 877 hortos
684 816 831 877 conlocat
848 816 1060 897 Apollodoro·
1077 830 1112 886 a.

63 924 99 993 5.
122 932 181 979 ta.
209 914 265 975 ubi
282 910 322 977 cf.
341 914 465 993 Heyne.
516 916 654 979 Incertae
671 931 780 979 autem
797 915 869 979 ferri
887 917 1112 1001 Hyperboreo·

59 1034 137 1077 aum
162 1012 269 1086 ledea.
302 1035 370 1078 noo
393 1018 511 1077 mirum
538 1006 643 1081 ceu'let
665 1017 821 1082 Gelnerue
838 1040 865 1083 c.
888 1018 909 1080 l.
933 1039 1005 1103 pag.
1024 1016 1112 1099 464.

60 1135 138 1180 ctam
163 1136 225 1179 nec
246 1116 312 1200 ipse
334 1118 461 1188 Boreae.
494 1119 546 1180 vel
574 1120 697 1203 Aquilo.
731 1122 812 1182 ultra
834 1141 931 1203 quem
954 1122 1110 1191 locantur.

56 1232 166 1281 caetae
184 1217 300 1282 habeat
320 1220 355 1280 in
377 1220 579 1288 auctoribus.
612 1223 646 1281 in
662 1241 758 1302 quam
775 1243 842 1284 rem
858 1224 959 1306 eliqua
980 1223 1109 1284 adtulit.

59 1320 170 1405 Vulgo
196 1332 231 1385 et
261 1322 452 1405 plerumque
479 1322 634 1385 Thraciae
661 1324 759 1384 tribui
785 1337 904 1385 notum
929 1324 982 1386 eil.
1037 1322 1110 1387 Elle

59 1422 161 1512 talem
195 1424 355 1507 populum
387 1421 524 1487 oauuino
556 1437 651 1509 negat
676 1423 833 1488 Herodot.
856 1435 892 1505 4.
918 1440 977 1501 77.
1012 1442 1128 1507 qneaat¹

58 1508 172 1587 tamen
190 1520 308 1587 refutat
326 1524 547 1588 Eratostheuee
563 1526 645 1608 apud
662 1525 808 1589 Strabou.
832 1543 861 1590 t.
881 1546 914 1611 p.
930 1536 990 1610 42.
1010 1524 1108 1590 [6ι.

59 1606 351 1706 ΕεῆοΡΙὶιιὶιιι4.
373 1642 431 1703 ι7.
448 1625 468 1691 i.
493 1641 547 1709 15.
570 1640 701 1713 propter
718 1642 766 1690 tot
783 1642 949 1691 auctorum
967 1626 1106 1690 testimo·

58 1727 112 1789 nia
126 1746 247 1813 negate
261 1747 329 1791 non
344 1728 452 1794 audet.
477 1724 527 1791 Ex
542 1726 655 1791 fabulie
669 1749 725 1792 eoa
738 1731 885 1794 adit-runt
897 1732 1106 1815 Argonautae.
1134 1712 1137 1721 ¹

57 1828 232 1917 (Orpheue
245 1849 279 1895 v.
293 1842 399 1908 1075.
420 1834 487 1909 -)
515 1830 641 1902 Medea,
664 1831 854 1894 dieiintulata
868 1829 980 1903 forma.
1004 1831 1105 1908 (Dio-

10 1973 12 1976 >
59 1929 129 1997 oon
147 1930 215 1995 Sic.
231 1941 266 2012 4.
281 1935 364 2011 51.)
388 1929 529 2003 Perleue.
551 1933 722 2010 (Pindarue
737 1934 835 2013 Pyth.
854 1952 909 2004 eo.
924 1935 1000 2012 43.)
1024 1932 1106 1995 liet·

58 2032 159 2097 culce.
182 2030 337 2116 (Pindon
352 2033 485 2117 Olymp.
503 2047 534 2115 5.
550 2047 609 2113 55.
636 2035 823 2116 Apollodor.
841 2051 873 2104 a.
887 2046 919 2113 5.
934 2032 1013 2118 aa.)
1051 2034 1102 2097 De

58 2133 192 2196 illorum
209 2137 349 2219 antiquie
365 2133 489 2199 sedibue
510 2155 578 2199 non
602 2137 712 2199 minua
727 2138 825 2200 hodie
841 2139 944 2199 variae
963 2135 1105 2219 pcollent
1172 2184 1179 2201 .

60 2224 209 2301 vitorum
225 2238 397 2300 doctorum
414 2239 601 2319 opinionon,
626 2257 760 2319 quarum
780 2239 900 2321 aliquae
914 2236 1104 2301 allierentlaa

60 2339 226 2401 videntur.
276 2339 329 2401 Sic
349 2337 563 2401 liudbecltiue
579 2340 694 2401 Atlaut.
711 2338 747 2401 P.
769 2359 799 2402 1.
823 2359 890 2422 cap.
908 2357 941 2419 9.
964 2361 996 2423 p.
1016 2336 1102 2419 366.

59 2457 75 2499 a
99 2441 297 2503 suetonum
324 2454 420 2523 gente
445 2452 478 2500 et
509 2459 623 2503 eorum
647 2438 866 2521 antiquiss'amo
898 2427 973 2524 rege
998 2441 1105 2502 Boreo

58 2536 81 2602 f.
95 2540 204 2603 Boreo
222 2560 345 2617 nomen
368 2536 506 2611 arceffit.
537 2541 577 2602 'ab
592 2560 693 2625 eoque
709 2533 887 2633 Oferhoruc
907 2544 1010 2606 dictoa
1031 2540 1103 2614 elle.

58 2641 144 2723 quasa
164 2638 327 2705 cetfiffima
342 2641 433 2725 stirpe
449 2639 588 2727 genitoe.
627 2642 823 2705 lietdbecltio
841 2642 862 2703 [ι
854 2642 998 2727 uffragari
1014 2643 1104 2707 vide·

60 2736 113 2805 tu'r
146 2742 324 2837 Hecataeus
355 2745 438 2827 aptad
463 2745 560 2807 Diod.
588 2745 650 2808 Sic.
676 2761 709 2815 a.
731 2756 791 2825 47.
827 2746 882 2806 etfi
911 2754 1103 2830 repugnant.

60 2832 275 2927 quaeauieu
297 2845 423 2908 vicinos
445 2844 576 2913 faciunt.
603 2840 773 2917 llledonea.
798 2844 959 2928 Arimaspe
1002 2843 1116 2910 Sueo·

59 2948 149 3009 niam
179 2960 289 3008 autem
317 2946 530 3009 Rudbeckiue
565 2948 884 3029 Hyperboreorum
876 2969 909 3007 ιιι
913 2945 1012 3007 lulam
1042 2945 1104 3011 effe

60 3048 311 3129 contendunt
335 3048 391 3109 ubi
406 3049 542 3132 plurima
558 3043 722 3132 congellit.
756 3049 840 3109 Eum
855 3050 940 3109 ridet
953 3048 1103 3113 Perizon.

59 3150 96 3213 ad
111 3150 238 3215 Aeliao.
258 3150 294 3212 V.
311 3149 352 3212 H.
372 3164 404 3217 a.
422 3149 480 3212 26.
518 3149 605 3210 Ultra
619 3146 784 3211 'l'htaciam
800 3151 893 3231 ponit
910 3148 1024 3211 Bauiet
1038 3169 1066 3213 c.
1082 3150 1105 3214 l.

59 3268 130 3337 pag.
150 3264 233 3330 130.
262 3253 336 3333 quie
350 3251 430 3311 ultra
449 3250 642 3331 Aquilonem
659 3264 758 3313 tettae
775 3251 937 3335 veteeibue
959 3251 1104 3335 incogni-

59 3360 113 3417 tae·
131 3350 282 3425 fuerunt.
316 3344 401 3415 et‘in
418 3350 552 3413 Thracia
573 3352 740 3434 Aquilonis
761 3349 847 3415 ledet
864 3354 1008 3435 ponitur.
1049 3349 1104 3419 Cf.

60 3453 315 3519 OvinMetem.
333 3454 366 3517 6.
384 3465 464 3515 extr.
486 3467 519 3515 et
531 3473 610 3536 quae
629 3454 737 3536 paullo
760 3452 910 3536 lupetiue.
949 3455 1011 3517 alti
1026 3472 1104 3531 cum

61 3556 221 3623 Strabone
239 3555 378 3618 omnino
401 3551 671 3635 septemtrionales
687 3557 826 3638 populoe
846 3555 1048 3641 intelligunt.
1073 3568 1117 3623 eta
1228 3568 1233 3651 J

61 3644 195 3747 quidem
216 3658 359 3719 maxime
380 3656 512 3719 colonoa
526 3656 721 3719 Graecorum
744 3657 778 3717 in
792 3657 889 3719 Ponti
911 3656 1108 3739 leptemtrio·

62 3764 125 3833 oali
148 3762 265 3829 litore.
292 3756 384 3821 cuiue
403 3755 507 3819 mulae
523 3772 637 3841 petunt
655 3778 694 3821 ex
712 3758 839 3823 Graecia
853 3758 987 3828 ritibus.
1013 3760 1108 3841 Apol·

60 3862 135 3929 linia
167 3860 260 3927 Delii
294 3860 403 3929 cultu.
443 3872 477 3923 et
510 3860 651 3947 velligiia
677 3858 867 3923 lermonie'
858 3880 894 3921 ιιι
919 3862 1109 3926 nominibue

59 3966 213 4053 propriis.
261 3962 335 4025 vid.
353 3958 537 4049 Wclleliug.
559 3963 596 4024 ad
619 3960 755 4049 Diodqr.
779 3957 844 4025 Sic.
863 3976 893 4031 2.
916 3972 978 4042 47.
1011 3963 1110 4026 Hero·

58 4070 125 4137 tlot.
140 4080 180 4153 4.
205 4078 272 4153 32·
310 4059 484 4145 Beyetue
473 4084 511 4129 ιιι
533 4062 651 4129 niffen.
674 4063 717 4129 <le
735 4063 961 4149 Hyperboreae
985 4063 1027 4127 T.
1052 4084 1108 4129 ιι.
1143 4127 1144 4130 ,
1243 4148 1251 4161 ¹
