2558 4606
192 324 236 420 st
464 341 640 401 noste.
668 338 971 425 exsenrrcre

271 512 437 599 Limia)
486 516 539 578 Sic
554 528 586 576 et
601 490 684 578 Plio.
701 525 735 596 4,
754 524 812 595 54.
830 513 850 576 s.
867 516 927 577 so.
941 511 1055 586 effert;
1078 527 1109 575 at
1125 513 1240 575 Strabo
1254 593 1269 601 ἡ

200 632 234 699 5.
259 640 291 700 p.
314 632 393 696 105.
411 615 435 680 s:
454 629 535 696 155.
553 613 686 706 Arpinis.
712 617 863 695 Ptolem.
885 633 917 683 2,
935 616 967 676 6.
992 608 1124 701 rimiae}
1150 616 1239 696 quod

88 732 93 738 '
167 778 169 783 .
196 719 339 805 praefero
359 714 507 806 aArstioo
523 719 557 779 in
573 716 732 802 genitivo.
765 718 862 779 sudu
879 717 973 784 Mela,
993 717 1037 776 illi
1056 736 1239 802 cognomen

200 819 508 889 oblivionisruitte,
534 822 621 902 quod
645 821 774 902 plurimi
798 833 941 880 auctores
963 821 1164 881 confirment.
1201 814 1238 879 Iu

199 924 328 985 Graecis
352 920 394 982 est
413 917 434 993 ri
459 921 515 1006 τῆς
539 918 662 1007 Λήθης,
693 936 728 982 ut
750 923 834 1002 apud
856 919 1047 983 Strabonem
1064 941 1090 984 r.
1108 922 1130 982 l.
1151 906 1238 1001 'Plu-

144 1040 148 1053 ‘
198 1025 297 1086 tarch.
331 1024 366 1084 in
398 1023 464 1107 Qu.
499 1024 595 1084 lium.
630 1044 700 1111 pag.
726 1020 957 1104 104.'(0pp.
984 1022 1054 1083 Vol.
1069 1038 1103 1096 7.
1128 1018 1237 1105 Lips.)

196 1127 240 1187 Et
265 1125 304 1186 lic
325 1125 432 1184 Latini
458 1121 636 1185 Obliuionis
655 1138 791 1194 vocant,
824 1137 862 1184 ut
891 1122 974 1185 Plio.
998 1132 1034 1201 4,
1060 1138 1118 1203 55.
1140 1123 1160 1186 s.
1178 1120 1237 1186 Μ’.

156 1296 158 1301 ,
199 1225 363 1289 Sallusiins
388 1225 462 1287 teile
483 1226 595 1287 Servio
616 1226 654 1286 ati
683 1226 794 1309 Virgii.
813 1226 891 1286 Aen.
920 1245 949 1294 r,
976 1227 1060 1299 267.
1093 1226 1179 1287 Flor.
1206 1240 1237 1295 2,

204 1345 260 1405 17,
281 1343 335 1390 12.
372 1325 577 1391 Casaubonus
596 1328 677 1388 adeo
692 1328 730 1388 ad
746 1327 935 1388 Strabonem
959 1328 1136 1397 contendit,
1161 1325 1239 1387 sem·
1267 1314 1270 1321 ¹

198 1451 258 1517 per
277 1431 311 1490 in
335 1431 481 1513 genitivo
498 1425 568 1490 casu
590 1428 789 1491 efferendum
803 1426 881 1497 elle,
906 1413 938 1488 et
952 1442 1041 1507 norat
1057 1429 1238 1510 Appianum
1256 1472 1261 1479 -

199 1534 241 1595 de
255 1531 322 1593 reb.
344 1528 475 1612 Hispan.
496 1548 564 1614 cap.
581 1545 639 1605 72.
670 1527 728 1611 (cs.
751 1545 784 1592 et
805 1549 875 1611 cap.
892 1527 974 1611 71.)
1007 1530 1060 1591 ubi
1085 1519 1118 1591 in
1141 1529 1236 1593 accus.

199 1634 317 1696 dicitur
333 1628 456 1716 Λήθην,
481 1644 514 1691 et
530 1632 660 1694 Livium
677 1634 710 1692 in
726 1633 804 1714 epit.
820 1630 876 1691 lib.
891 1642 948 1706 55.
962 1622 1010 1718 fs.
1032 1629 1236 1703 Obliuionem,

130 1746 134 1759 '
200 1735 260 1795 ubi
282 1733 458 1795 Schellerus
475 1733 572 1794 etiam
588 1735 622 1793 in
647 1733 724 1794 Lex.
742 1734 772 1795 h.
789 1739 821 1794 ν’.
846 1732 935 1792 malit
953 1726 1160 1795 Obliuionis.¹
1185 1732 1236 1797 Cs.

199 1836 327 1898 Tollius
349 1835 386 1895 ari
402 1835 552 1916 Appran
555 1853 582 1897 c.
605 1835 627 1896 l.
651 1856 706 1916 qur
724 1854 763 1897 ex
779 1832 1002 1898 Cesaubono
1000 1854 1037 1894 ua
1060 1835 1180 1903 hausit,
1207 1846 1238 1896 et

197 1935 754 2017 ficBochartrnChanaan1,54.
807 1937 904 1997 Hunc
926 1949 1036 2031 tamen
1060 1934 1164 1997 casum
1188 1938 1238 2013 rie·

199 2038 289 2102 sendi
322 2040 417 2100 etiam
443 2036 608 2120 possead
623 2033 757 2119 Appian.
784 2037 852 2098 vot.
872 2050 904 2116 5.
924 2027 995 2120 pag.
1020 2022 1103 2116 297.
1134 2036 1238 2100 censet

137 2202 141 2207 ,
198 2137 528 2222 Schweighaeusorus,
554 2159 627 2198 cum
649 2132 775 2222 insuper
795 2138 990 2205 Straboc.l.
1011 2137 1157 2210 moneat,
1187 2140 1239 2203 ile·

199 2238 302 2303 λιῶνα
322 2235 490 2324 (flettona
515 2241 572 2300 Mo
576 2239 679 2319 scor.)
705 2241 800 2301 etiam
818 2242 935 2310 vocari,
961 2241 993 2301 in
1012 2261 1075 2325 quo
1093 2240 1249 2325 Latinam,

200 2342 429 2403 vocem-latere
449 2360 515 2401 non
539 2356 658 2402 temere
680 2356 844 2422 putarunt.
896 2343 1019 2406 Plinius
1041 2357 1145 2405 tamen
1168 2344 1237 2407 c.'l.

199 2462 256 2506 eos
280 2456 387 2509 notat,
419 2445 473 2522 qui
494 2442 534 2520 stc
556 2443 733 2524 arlpellent,
753 2442 843 2504 ¹cum
870 2444 977 2535 potius
999 2445 1036 2504 ad
1064 2447 1238 2506 Aeminium

197 2547 356 2629 pertineat
372 2545 429 2605 hac
447 2563 646 2627 cognomen,
670 2544 909 2606 cui'adsentitur
921 2544 1119 2627 flamininus.
1166 2530 1238 2608 Fuit

196 2647 332 2728 quidem
351 2646 404 2706 ille
426 2639 544 2706 fluvius
565 2634 598 2706 h'.
625 2646 773 2726 Agveda,
805 2661 838 2706 et
859 2646 935 2708 urbs
956 2629 1132 2708 Aeminium
1153 2650 1235 2729 apud

148 2778 151 2784 ·
186 2745 338 2811 ¹Ptolem.
361 2765 393 2816 α,
417 2759 448 2823 5.
477 2750 511 2808 in
537 2733 792 2816 mediterraneis,
831 2745 882 2807 sed
907 2747 1060 2827 huonon
1084 2736 1233 2831 pertinet.

184 2849 269 2911 'Nec
285 2861 369 2910 reete
385 2863 475 2908 notat
490 2849 692 2919 lietduinus,
722 2850 840 2909 Melam
856 2846 1029 2910 confudisse
1050 2864 1235 2933 utrumque,

197 2951 381 3032 Appianum
411 2950 590 3013 distinxisse.
650 2938 751 3011 At'in
778 2951 924 3031 Appiano
950 2969 1015 3012 non
1042 2934 1148 3013 solum.
1168 2974 1235 3038 non

198 3052 314 3136 legitur
339 3053 519 3123 Aeminius,
558 3052 672 3113 sedne
694 3053 830 3134 intelligi
854 3052 985 3132 quidem
1009 3054 1128 3134 potesl,
1163 3076 1235 3116 curn

197 3155 278 3215 ultra
295 3155 432 3214 Durium
449 3154 494 3213 ibi
516 3152 691 3237 progressus
707 3154 742 3213 srr
761 3153 877 3237 Brutus
894 3152 937 3213 ad
949 3152 1123 3216 Bracaros
1116 3179 1148 3216 m
1166 3176 1235 3251 eam
1257 3138 1259 3141 .

190 3244 382 3339 regionem,
409 3253 466 3315 ubi
483 3257 725 3316 commemorati
745 3254 790 3313 illi
814 3248 965 3315 hactenus
982 3237 1071 3316 sluvii
1094 3278 1236 3319 excurre·

196 3356 285 3419 bant.
338 3359 424 3417 Tum
450 3356 506 3419 sec.
528 3358 698 3418 Varronem
720 3359 804 3437 apud
827 3358 1002 3416 Plinium
992 3358 1235 3423 AeminiusCC
1274 3398 1278 3407 ·

62 3515 70 3529 ‚
198 3457 255 3518 Μ.
272 3459 308 3520 P.
332 3479 349 3518 a
375 3458 477 3538 Minio
500 3452 616 3518 aberat.
684 3456 828 3518 Minium
854 3477 949 3538 porro
972 3453 1093 3519 suiss'e
1081 3456 1156 3542 ’ἄρου
1179 3463 1236 3546 τῆς

196 3547 347 3650 Bpot'rrou
371 3557 542 3647 στρατείας
565 3556 679 3620 diserte
703 3561 779 3619 dicit
796 3560 926 3628 Strabo,
961 3554 1236 3635 cumOlrlirriunis

196 3662 251 3720 itte
281 3661 416 3720 fluvium
452 3664 574 3755 primus
604 3651 782 3743 superasset,
816 3675 851 3719 ut
880 3663 1008 3722 tradunt
1036 3664 1235 3734 Plutarchus,

196 3763 310 3822 Livius
334 3778 365 3822 et
385 3763 484 3824 aliie.
500 3783 527 3824 c.
545 3762 566 3822 l.
582 3763 604 3824 l.
662 3764 845 3827 Aeminium
873 3777 978 3822 autern
1000 3779 1073 3825 ante
1097 3766 1235 3832 Brutum

80 3872 83 3875 ’
195 3864 334 3926 Romani
351 3864 497 3925 traiecisse
514 3865 681 3930 videntur,
708 3867 824 3944 quippe
842 3867 897 3943 qui
914 3868 976 3924 iarn
995 3867 1051 3925 tliu
1067 3866 1163 3926 ablriri
1159 3890 1184 3927 c
1202 3872 1234 3927 in

195 3967 340 4026 Vaccaeis
360 3986 408 4025 res
425 3950 588 4055 gesserant.
641 3965 761 4026 Brutus
776 3978 882 4059 autern
903 3967 941 4025 ad
961 3947 1104 4027 occasum
1126 3952 1235 4029 versus

196 4066 360 4128 Oceanum
386 4066 571 4135 contendit,
605 4078 637 4126 et
658 4061 780 4147 primus
800 4054 900 4147 osque
920 4086 959 4129 eo
977 4071 1144 4153 regionem
1157 4090 1234 4154 per·
