2558 4606
192 337 246 396 1n
274 336 412 397 rone.
439 336 546 395 nur.
587 335 698 395 oni.
741 337 846 400 ova
889 337 966 415 tu
1048 360 1107 421 ιρι

57 507 127 575 tius
142 506 323 595 relegitur.
362 506 418 575 Sic
433 510 602 577 Brittania
616 508 653 574 in
672 507 779 578 Gudii·
791 508 903 575 infcrr.
919 528 984 577 ant.
1000 534 1034 598 p.
1045 532 1109 596 99.

58 634 93 676 n.
111 628 144 691 3.
173 634 205 697 p.
228 630 308 677 120.
324 633 358 675 n.
378 630 409 678 o.
433 613 597 693 expeditio
611 614 800 679 Brittaniro
818 613 896 699 (iub
912 614 1108 704 Hadriano)
1214 640 1217 645 ·

59 737 92 800 p.
109 733 146 795 9.
160 734 193 777 n.
216 735 270 778 ιι.
293 727 327 777 et
342 710 443 799 hiep.
465 727 546 795 175.
559 736 594 778 n.
616 738 644 783 ι.
668 730 703 778 et
720 713 860 800 saepius.
913 719 952 781 Iu
969 715 1109 797 Graecia

60 814 105 881 est
118 811 317 907 Bprrruvr'u,
336 813 422 903 (Dio
432 832 492 897 39,
508 830 566 897 50.
583 814 710 901 etalii)
733 814 947 905 Bpsmvrniy,
963 804 1110 905 (Strabo.

59 929 95 998 4.
113 940 147 1005 p.
169 917 287 996 137.l.
308 936 388 999 199.
405 916 473 1001 -)
499 934 533 982 et
550 921 591 981 fic
610 941 669 1003 per
687 919 810 1005 duplex
830 940 874 984 tr
887 917 933 983 -in
949 918 1110 991 derivatio

60 1016 225 1107 plerique.
277 1016 334 1083 Sic
353 1015 532 1109 Βρεττανοὶ
554 1021 665 1089 schol.
690 1020 880 1105 Mooquenl.
906 1022 948 1084 ad
970 1020 1108 1103 Dionys.

60 1145 93 1191 v.
115 1131 202 1201 284.
230 1118 272 1187 to*
298 1117 522 1211 ἐντελέστερον
547 1138 641 1205 putat
665 1137 698 1203 et
724 1121 819 1185 metri
845 1125 939 1185 caula
972 1122 1019 1186 ibi
1047 1144 1113 1209 per,

62 1224 198 1308 [implex
215 1245 238 1286 t·
253 1224 406 1309 politum.
444 1224 538 1285 ldem
561 1221 750 1288 Eustathius
770 1240 894 1288 monet.
932 1225 1108 1293 Invenitur

60 1341 176 1389 tamen
191 1322 294 1387 etiam
308 1327 444 1411 simplex
456 1350 494 1399 τ,
522 1323 572 1389 uti
588 1323 625 1387 iu
640 1324 797 1405 Dionyfio
812 1349 844 1389 v.
860 1330 945 1405 566.
968 1314 1125 1401 notante,

60 1428 152 1492 hunc
175 1412 289 1491 locum
311 1424 411 1491 etiam
438 1429 617 1511 Stephano.
644 1429 762 1507 sldem
788 1426 890 1491 etiam
914 1430 1015 1493 habet
1038 1432 1112 1495 lime

59 1532 138 1614 plen
162 1552 197 1601 ν,
228 1526 281 1592 uti
304 1526 495 1593 Marcianus
515 1550 590 1613 pag.
608 1541 668 1607 57.
690 1529 834 1609 (Huds.)
858 1531 999 1595 Ptolem.
1018 1548 1052 1609 a,
1066 1542 1112 1611 ¹3.-

58 1634 89 1694 T
105 1632 243 1716 simplex
264 1629 366 1695 etiarn
386 1628 482 1693 numi
504 1627 603 1693 multi
625 1628 752 1695 Graeci.
791 1629 865 1694 vid.
880 1632 1006 1703 Rasche
1027 1637 1110 1701 Lex.

59 1755 154 1797 num.
173 1734 214 1796 T.
236 1755 266 1823 .¹·
282 1734 319 1797 P.
341 1757 369 1817 ι.
387 1754 420 1817 p.
442 1734 531 1796 1601
553 1731 597 1817 sq.
650 1729 784 1796 Claudii
803 1753 885 1795 aevo
904 1749 937 1796 et
956 1722 1031 1817 'poll
1049 1734 1113 1821 sub.

59 1831 233 1899 Hadriano
252 1851 286 1897 et
309 1832 477 1899 Antonino
497 1830 559 1896 Pio
580 1853 639 1917 per
664 1848 678 1895 t
699 1836 832 1917 snnplex
855 1833 1013 1919 scriptum
1034 1838 1114 1911 elle,-

61 1954 94 2001 at
111 1936 172 2001 sub
192 1938 314 1999 Severo
331 1957 405 1999 eam
427 1934 558 1999 literam
578 1932 782 2019 geminatam
800 1952 839 1997 ex
855 1935 968 2004 numia
990 1938 1114 2023 probat.

59 2040 191 2103 Eekhel
206 2036 243 2101 in
260 2035 411 2101 doctrina
428 2058 521 2102 num.
535 2038 572 2100 P.
593 2055 624 2103 a.
643 2038 714 2104 Vol.
732 2040 764 2101 6.
784 2057 861 2122 pag.
885 2049 967 2117 240.
1019 2036 1115 2107 Hino.

61 2138 227 2205 existimat
251 2137 459 2203 Eustathium
488 2139 531 2203 ad
552 2135 688 2220 Dionys.
711 2160 743 2202 v.
771 2149 852 2219 284.
875 2158 944 2203 uon
967 2138 1026 2203 nili
1046 2150 1117 2225 pro'¹

62 2243 138 2307 tuae
172 2239 288 2305 aetatia
312 2238 478 2306 scribendi
510 2243 583 2327 lege
615 2238 728 2305 dicere
763 2238 810 2303 ita
839 2262 918 2303 eum
949 2232 1117 2327 potuillea

61 2342 161 2409 metri
178 2344 273 2410 eausa
295 2347 437 2408 alterum
460 2340 648 2408 reiectum.
698 2342 763 2405 Per
784 2341 929 2409 aretiam
949 2342 1116 2429 scriptum·

61 2444 212 2511 inveniri
227 2444 496 2511 notantEustath.
513 2445 555 2507 ad
570 2442 747 2524 Dionyl.v.
757 2448 843 2522 568.
864 2460 897 2509 et
909 2447 1116 2530 stephanae..
1214 2460 1224 2483 “·

62 2548 123 2638 qui
137 2569 180 2611 eo
196 2545 334 2612 nomine
352 2549 482 2632 adlegat
496 2544 703 2610 Marcianum
721 2562 754 2609 et
768 2546 1007 2613 Ptolemaeum.
1049 2549 1116 2615 ule

64 2657 107 2717 lic
121 2653 224 2714 habet
239 2670 312 2735 pag.
328 2662 386 2728 57.
409 2648 541 2734 (Huds.)
561 2646 597 2710 in
612 2648 678 2710 hoc
694 2650 806 2711 ufitata
821 2649 854 2712 h.
873 2647 978 2712 forma
996 2649 1124 2725 eastun?

63 2776 166 2842 quam
182 2749 321 2814 omnino
337 2752 398 2813 elle
415 2747 453 2812 in
468 2749 668 2837 scripturali
684 2764 718 2811 et
732 2747 860 2833 duplici
876 2776 892 2816 ν
912 2767 1028 2813 monet
1043 2754 1109 2813 Eu·

65 2858 156 2921 llath.
175 2854 218 2919 ad
237 2851 373 2933 Dionys.
393 2875 427 2920 v.
446 2863 528 2932 284.
563 2851 597 2914 11
611 2866 722 2915 tamen
740 2851 885 2935 praefert
903 2851 1004 2915 etiam
1022 2850 1117 2922 eod..

64 2958 213 3023 Moleov.
229 2955 265 3025 in
275 2956 447 3023 Strabone.
483 2953 534 3017 ef.
549 2953 591 3016 de
604 2951 977 3037 scripturae-diverfitnte
988 2955 1116 3019 Celler..

64 3060 101 3126 in
117 3061 247 3143 Geogr.
258 3074 324 3123 ant.
342 3072 379 3129 α,
396 3068 434 3137 4,
461 3075 492 3136 a,
528 3056 660 3119 Incolae
681 3046 875 3142 Βρεττανοὶ,
898 3058 1111 3140 (Stephanus

64 3180 97 3227 et
120 3176 277 3226 unctores
301 3157 361 3245 ipli
384 3159 516 3243 plures)
548 3172 581 3219 et
602 3154 683 3218 hinc
713 3153 932 3243 Bperruvrno't
957 3158 1050 3242 lhepe
1076 3172 1112 3223 et

63 3258 277 3355 Βρεττανίδες
301 3262 402 3347 νῆσοι.
461 3260 593 3322 Incolae
619 3254 701 3321 dieti
727 3255 829 3321 etiam
857 3259 930 3323 lunt
957 3260 1110 3327 Britoner

64 3368 290 3437 [Brittones.
314 3383 401 3450 quae
423 3358 560 3425 nomino
581 3356 768 3445 promiscue
786 3357 923 3423 adhibet
945 3356 1109 3429 Ausonina

65 3468 168 3556 epigr.
188 3482 271 3547 ²⁰7·
321 3460 484 3543 Fosterior
505 3478 594 3525 aetat
617 3457 762 3524 maxime
783 3459 1024 3547 frequentavit,
1052 3460 1110 3527 eni

64 3593 127 3651 nec
150 3568 188 3633 iu
216 3564 361 3653 antiquis
384 3563 501 3651 ‹lelunt
521 3564 682 3648 exempla,
701 3584 740 3641 n.
760 3583 790 3629 c.
811 3564 927 3628 Iuven.
948 3578 1004 3643 15,
1026 3574 1108 3644 124.

65 3672 135 3737 Alia
163 3669 257 3736 dabit
283 3665 445 3751 Celluriue
468 3689 496 3731 c.
517 3668 539 3730 l.
590 3661 770 3730 iuvenitur·
790 3663 892 3727 etiam
925 3663 961 3728 in
985 3660 1107 3750 plurali

63 3770 275 3846 Britanniae,
301 3772 343 3835 de
357 3767 453 3845 cuiue
469 3767 598 3833 ratione
617 3788 694 3832 vera
711 3764 824 3851 quaeri
843 3766 956 3852 potest.
990 3768 1110 3852 Neque

65 3876 155 3943 enim
180 3878 288 3953 [olum
309 3874 349 3937 ad
370 3869 442 3937 eine
464 3869 660 3935 divisionem
678 3868 785 3955 postea
799 3869 918 3939 factum
939 3868 1109 3955 pertineto

65 3980 184 4067 potest,
211 3999 291 4041 cum
307 3973 354 4039 ita
368 3971 486 4055 iamin
502 3974 634 4041 Catullo
651 3990 708 4053 29,
728 3990 784 4035 ει.
809 3984 870 4055 45,
890 3990 947 4036 oo.
968 3974 1105 4056 legatur.

66 4084 166 4171 Quod
182 4079 336 4169 euimlic
352 4074 438 4151 dixit
452 4072 639 4165 Antoniane
654 4070 692 4141 in
713 4071 831 4139 itinere
846 4071 1121 4147 Briuuuiuruu.
