2558 4606
104 336 112 354 ’
177 382 531 485 interrumpet.
570 382 682 457 cm.
723 384 857 451 cvm
896 348 966 464 tr
1017 340 1104 472 ¹eea
1239 458 1243 463 .

53 567 206 637 videtur,¹
242 562 299 627 etii
333 560 429 624 etiem
462 560 630 633 d’onllle
664 560 839 626 Memoiree
870 562 923 627 nn
944 564 1102 655 l’Egypte

52 690 89 755 p.
101 670 188 749 965.
208 668 242 728 in
252 664 338 728 Mela
354 663 473 726 nullam
481 662 670 737 Berenicen,
687 666 742 741 nist
757 665 925 742 Arsinoen,
944 671 1099 755 agnoscit.

55 771 240 854 Suspicatur
262 768 369 838 enim,
405 766 482 827 duae
505 767 645 851 Aegypti
673 771 797 852 reginae
824 772 961 832 eandem
988 773 1102 839 urbem

56 872 180 957 duplici
195 872 331 933 nomine
344 865 554 953 inligniville.
581 869 629 930 uti
649 888 749 951 prope
770 870 973 956 Heroopolin
988 875 1102 941 eadem

56 976 142 1037 dicte
165 973 210 1035 est
228 971 364 1036 Arfinoe
387 982 420 1032 et
441 969 629 1052 Cleopatrle.
680 966 833 1034 Ceterum
856 982 889 1035 et
908 971 973 1057 iple
994 976 1106 1045 Melae

56 1074 305 1159 descriptionem
327 1071 410 1133 linur
426 1071 561 1135 Arabici
575 1069 736 1134 difficilem
752 1072 813 1136 ess'e
825 1074 989 1157 ⁸ertplictttu
1008 1078 1103 1161 proli·
1186 1142 1193 1163 ‚

56 1190 159 1241 tetur.
210 1174 253 1251 Η.
275 1193 375 1256 prope
390 1173 468 1235 Suez
489 1174 522 1236 in
536 1172 626 1245 loco,
652 1173 705 1255 qui
722 1189 854 1237 vocetur
868 1176 1022 1252 Kouma,
1045 1180 1104 1244 ubi

57 1278 166 1341 adhuc
185 1275 299 1339 rudera
317 1273 386 1337 tubi
404 1274 519 1356 lapidei
540 1273 780 1359 conspiciuntur
799 1277 839 1340 ad
857 1280 1104 1364 equteductum.

56 1380 201 1445 manne
216 1376 331 1442 lleisen
352 1372 477 1465 (Lipl.)
498 1396 531 1461 p.
551 1378 637 1457 956.

23 1640 26 1645 .
136 1579 359 1664 Berenice)
417 1579 474 1647 Gr.
496 1576 661 1671 Βερενίκη.
703 1579 784 1646 Tree
801 1584 938 1649 omnino
960 1584 1024 1650 hoc
1044 1608 1103 1652 no·

58 1690 151 1751 ruine
168 1682 265 1747 urbes
280 1685 395 1746 in-hoc
408 1696 509 1747 tractu
525 1683 665 1748 recenset
679 1685 764 1749 Plin.
781 1687 890 1766 6,·54.
906 1685 927 1752 l.
943 1705 1002 1769 29.
1037 1690 1105 1752 Pri·
1199 1718 1202 1723 -

57 1808 152 1853 mem
172 1785 247 1850 tacit
262 1788 296 1859 6,
320 1800 377 1864 55.
396 1784 417 1848 l.
436 1801 496 1866 99.
520 1789 629 1849 matria
650 1785 851 1869 Philadelphi
873 1791 1027 1861 nomine.
1062 1792 1105 1854 acl

58 1908 157 1975 quam
180 1888 280 1951 itera
304 1888 412 1970 Copto
433 1888 663 1951 morosioribus
693 1886 930 1970 frequentatum
956 1871 1106 1956 describit

58 1986 150 2057 team
167 1992 200 2062 6.
217 1987 275 2053 96.
291 1987 312 2052 l.
331 2003 390 2068 95.
427 1992 465 2050 ln
480 1991 554 2061 sinu
568 1991 712 2072 ponitur,
732 2010 828 2071 quem
842 2006 961 2054 vocent
976 1994 1103 2066 Strabo,

59 2094 117 2161 etti
129 2087 335 2180 darer'9epeov,
345 2090 485 2153 Edristua
496 2086 602 2154 Glun·
612 2092 658 2152 al·
668 2090 769 2152 Melilt
782 2095 803 2153 i.
815 2111 843 2155 e.
853 2094 957 2155 finum
965 2097 1106 2179 regium.

54 2194 117 2261 05.
134 2194 301 2258 d'Anrllle
317 2193 492 2257 Memoiree
512 2190 563 2254 lut·
584 2193 739 2279 l’Egypte
761 2213 793 2276 p.
810 2206 893 2273 95ι.
933 2197 972 2257 ln
999 2192 1124 2263 tabule

60 2294 350 2363 diciturllerenice
363 2296 604 2380 Troglodytlct.
640 2292 692 2356 Cf.
707 2297 804 2357 etiam
819 2298 987 2360 Antonini·
996 2299 1105 2363 itiner.

56 2412 96 2487 p.
111 2420 159 2464 tn.
181 2414 245 2483 ²7¹
264 2396 308 2481 sq.
332 2399 446 2460 Strabo
469 2410 522 2473 t7.
541 2416 611 2482 pag.
629 2398 714 2473 560.
731 2394 751 2459 l.
769 2409 853 2476 815.
874 2412 907 2458 et
921 2397 1047 2462 Salmas.
1065 2402 1107 2463 ed
1201 2438 1205 2443 -

63 2502 174 2567 Solirt.¹¹
188 2518 256 2582 cep.
270 2509 331 2581 54‘.
347 2497 369 2563 s.
385 2511 445 2576 57.
463 2518 496 2579 p.
511 2518 556 2562 m.
571 2509 657 2577 554.
692 2498 827 2559 Putatur
846 2499 879 2562 h.
896 2498 956 2562 effe
975 2493 1106 2589 Coffeiia

54 2604 120 2668 etlr
136 2602 191 2665 alit
206 2602 305 2664 aliter.
357 2600 430 2663 vid.
449 2598 600 2661 Stucltiue
616 2600 654 2660 ud
670 2599 794 2663 Arritn.
814 2620 885 2684 pag.
898 2592 935 2679 4.
963 2603 1106 2687 Allgem.

62 2700 207 2771 Hillorie
221 2702 277 2764 der
292 2700 408 2764 lleilen
425 2702 496 2763 Vol.
517 2722 548 2764 1.
562 2720 594 2784 p.
612 2716 697 2763 210.
732 2699 879 2764 Alteram
894 2700 966 2763 facit
982 2703 1108 2769 Plinio·

63 2828 92 2873 e.
111 2806 134 2869 l.
157 2824 237 2889 quae
253 2794 455 2896 Panchrysos
472 2794 696 2887 cognominata
713 2801 766 2864 ell.
812 2802 902 2865 Hauc
922 2804 1109 2871 Harduinur

34 2908 37 2913 ’
62 2924 99 2975 et
120 2920 196 2971 ante
217 2905 373 2969 Cellariut
389 2926 415 2968 c.
439 2905 460 2967 l.
484 2918 599 2988 purant
623 2904 699 2973 elle,
734 2922 813 2984 quae
834 2923 852 2965 a
873 2905 1029 2969 Strabone
1050 2910 1106 2972 t6.
1230 2971 1234 2975 .

30 3062 35 3074 .
62 3032 97 3098 p.
116 3022 203 3091 551.
221 3006 242 3073 s.
257 3021 342 3084 771.
359 3018 492 3069 vocetur
505 3000 656 3095 Βερενίκη
672 2997 690 3091 ἦ
707 3000 797 3068 uarat*
813 3002 950 3085 ΣαβοὶςἸ
974 3006 1030 3070 etl‘t
1043 3009 1108 3070 Pli-

63 3110 255 3179 ntea-snum
272 3107 336 3192 ipse
358 3127 426 3170 non
450 3108 572 3171 definit.
619 3108 765 3191 ¹Tertiam
790 3119 883 3169 vocet
900 3106 1049 3188 Epidires
1070 3113 1108 3173 itt

20 3292 23 3297 Δ
63 3212 214 3279 ἱιυείδηο
226 3210 355 3274 Arabici
373 3209 465 3301 lmue.
484 3190 564 3291 duae
580 3208 643 3271 fine
660 3207 760 3271 dubio
774 3207 818 3271 est
830 3209 942 3278 nostra.
962 3222 996 3271 et·
1009 3206 1107 3300 Aetpip

62 3312 241 3401 πολίχνιον
257 3311 415 3374 ad-laucee
430 3311 514 3383 ollii,
545 3310 604 3372 ubi
625 3309 717 3372 Dira
732 3309 775 3373 est
789 3314 1049 3392 promontorium
1071 3316 1124 3395 iu¹

64 3417 262 3499 Aethiopiae
276 3432 339 3485 ora,
367 3413 547 3496 fimpliciter
560 3414 765 3496 adpellatura
782 3412 938 3475 Strabone
959 3414 1012 3477 16.
1031 3433 1104 3499 pag.

65 3532 154 3602 599.
173 3516 194 3581 l.
210 3514 294 3595 769.
311 3531 344 3579 et
356 3515 543 3578 Ptolemaeo
558 3525 592 3593 4,
609 3528 643 3584 7.
679 3508 803 3575 Voll'me
818 3513 911 3575 haece
937 3514 1013 3577 Tria
1029 3534 1108 3581 reto

61 3620 189 3707 ⁴oppido
204 3617 245 3680 lic
259 3618 342 3679 dicta
359 3616 455 3679 edlita
469 3613 557 3679 fuere
572 3615 653 3677 linui
666 3614 821 3685 Arabico.
848 3617 999 3676 unum-in
1015 3608 1106 3689 ollio.

66 3725 223 3792 alterum,
249 3720 336 3801 quod
353 3718 500 3781 solstitiali
515 3716 615 3779 lubell
631 3717 763 3787 circulo,
791 3718 939 3787 tertium.
966 3718 1052 3800 quod
1072 3718 1108 3784 in
1195 3778 1197 3783 ,

66 3824 190 3889 intimo
217 3820 286 3884 elue
310 3819 427 3883 recellu
451 3822 544 3883 iacet.
603 3818 727 3881 Plinius
752 3818 848 3881 etiam
870 3819 941 3882 c..l.
965 3832 1108 3902 quartam

67 3926 249 3993 Berenicen
282 3919 423 3986 recenset
447 3922 498 3982 ad·
513 3921 604 3984 launo
625 3921 764 3982 eundern
797 3920 920 3991 linum.
958 3921 1110 4001 additque

66 4006 280 4121 Πάγχρυσον
303 4026 423 4113 dictam
442 4020 546 4090 tuille.
595 4022 702 4089 Situm
727 4035 834 4085 temen
857 4039 927 4085 nou
950 4019 1117 4097 describit.

606 4174 609 4178 .
704 4123 730 4187 Ζ
757 4137 782 4193 ⁸
