2558 4606
39 400 44 413 ,
177 373 219 437 aa
372 326 611 441 noran
649 358 963 427 exnonrroan
1079 388 1083 395 -

179 536 311 612 diverli3
336 535 425 619 quod
445 533 486 599 ad
506 537 720 601 enarrationes
741 529 1139 620 hiliorieaa-Gaograplrire
1153 550 1220 603 ma·

177 640 242 703 lina
262 638 432 724 relegatur.
470 637 651 701 Ameridie'
663 650 771 701 tamen
788 636 900 701 Noster
921 637 1050 722 longina
1071 636 1218 721 porrigit,

178 760 275 827 qnam
302 742 418 811 aeteri.
452 743 491 801 ad
518 741 632 823 Alpes,
666 756 739 801 eum
768 741 843 803 aliae
862 738 1040 807 Danubius
1064 735 1221 801 termium

178 857 330 929 ponatur.
364 839 501 905 Senatui
518 855 624 905 tamen
641 842 773 904 videtur
786 840 973 927 Agrippam.
996 838 1220 922 quitatum

42 930 46 939 ¹
176 948 237 1024 nio
252 954 287 1024 4.
305 955 364 1022 28.
381 940 400 1005 l.
416 953 472 1021 aa.
492 944 614 1005 adiectu
631 944 740 1006 Raetia
757 957 790 1005 et
806 942 928 1007 Norico
944 942 1135 1015 Germaniae
1152 938 1220 1003 lon·

177 1046 359 1133 gitudinem
379 1044 533 1106 indicavit
548 1045 621 1124 696
638 1044 687 1105 M.
703 1045 743 1107 P.
764 1056 800 1106 ut
814 1043 1019 1106 latitudinem
1037 1050 1118 1122 ¹48·
1145 1042 1219 1113 Vid.

179 1144 313 1211 Clurer.
329 1148 364 1209 in
379 1146 489 1208 Germ.
503 1159 568 1208 ent.
590 1169 620 1217 r,
642 1166 697 1209 ιι.
712 1164 744 1227 p.
762 1148 808 1218 ‘76
825 1144 866 1227 tq.
905 1148 956 1209 De
971 1140 1089 1207 ilheno
1106 1144 1219 1207 omnia

178 1247 252 1313 lunt
271 1261 358 1311 uota.
409 1249 448 1309 ln
470 1247 585 1311 Vistula
608 1245 814 1309 consentiunt
837 1246 1013 1329 Pliniuun.
1037 1242 1142 1324 2556
1163 1258 1218 1309 aa.

178 1350 319 1425 Ptolem.
337 1364 371 1420 o.
395 1370 449 1421 ιι.
471 1348 621 1430 idemque
633 1351 672 1421 iu
688 1347 834 1423 Oceano.
859 1364 958 1430 quem
977 1360 1071 1415 voert
1091 1347 1219 1423 Germa·

178 1452 284 1515 uirum
301 1448 402 1515 Tacit.
419 1470 448 1517 o.
462 1451 485 1513 l.
525 1450 637 1513 Noster
654 1450 726 1543 poll
751 1448 895 1513 strictiori
917 1450 1032 1521 limite,
1056 1450 1109 1511 val
1129 1460 1218 1533 parta

100 1548 104 1557 ’
177 1554 249 1627 eiua
262 1552 386 1616 Oceani
405 1553 514 1636 polita.
534 1549 645 1643 finum
665 1550 831 1615 Codanum
878 1552 933 1613 alii
952 1570 1038 1613 mare
1054 1547 1219 1613 Somnum

172 1667 216 1743 at¹
227 1652 389 1716 Oceanum
404 1652 697 1732 septemtrionalem
716 1655 803 1715 vario
819 1586 876 1719 ulu
890 1666 922 1717 et
944 1649 1032 1713 sensu
1048 1653 1217 1733 adpellant,

176 1756 230 1825 Da
248 1756 355 1817 Plinio
377 1755 499 1817 constat
518 1776 557 1817 ex
579 1755 634 1817 lib.
650 1766 685 1834 4,
705 1768 762 1835 33.
786 1753 808 1815 l.
830 1772 886 1834 19.
922 1752 995 1818 ara.
1018 1755 1157 1817 omnino
1176 1754 1217 1815 de

178 1857 296 1921 finibua
316 1858 438 1939 Speuer
461 1857 496 1918 in
517 1856 613 1919 notit.
634 1856 743 1919 Germ.
759 1856 831 1918 Vol.
855 1877 884 1919 ι.
906 1875 938 1938 p.
953 1866 1012 1938 alp.
1050 1857 1164 1941 Alting
1183 1856 1218 1917 in

175 1972 248 2035 not.
266 1958 377 2022 Germ.
397 1956 490 2020 infer.
512 1958 549 2023 P.
570 1976 599 2021 r.
618 1978 689 2043 pag.
711 1967 792 2032 ¹⁰7·
820 1959 928 2039 quiet
950 1954 1143 2040 superiorem
1166 1956 1218 2019 ad·

88 2082 91 2097 ·
175 2060 288 2145 tingit.
339 2061 475 2141 Reliqua
496 2062 548 2119 vel
570 2058 856 2129 Nosternarravit,
883 2060 1030 2141 reiquae
1047 2060 1216 2141 praeteriit,

176 2161 296 2241 (multa
319 2161 407 2221 euim
431 2158 585 2243 ignoralle
601 2160 745 2231 videtur,
776 2180 856 2242 quae
878 2181 918 2223 ex
940 2154 1070 2223 (iaesa're
1093 2172 1218 2243 poterat

173 2261 314 2337 ¹discere)
344 2260 415 2322 data
445 2279 540 2341 opere
566 2262 738 2342 inprimis
764 2262 903 2346 conlegit
930 2262 1112 2325 Cluveriua.
1164 2252 1216 2327 Cf.

176 2367 274 2425 etiam
291 2362 432 2424 Meinero
445 2362 526 2424 iiber
541 2362 593 2422 dio
609 2361 711 2423 Netur
726 2364 782 2425 der
798 2362 1045 2426 Germanilehen
1065 2364 1130 2437 und
1146 2364 1217 2427 Cel·¹

176 2460 298 2527 tischen
322 2463 440 2525 volker
461 2465 496 2524 in
520 2463 793 2550 Giittiog.hi1lor.
818 2465 966 2549 lllugazin
987 2465 1057 2527 Vol.
1073 2478 1107 2543 ὃ.
1134 2486 1166 2547 p.
1188 2486 1216 2539 ι,

177 2580 211 2627 et
227 2584 308 2647 quor
324 2563 441 2629 laudat.
478 2565 632 2629 Ceterum
648 2567 711 2629 hoc
726 2567 829 2629 Melae
850 2580 943 2648 caput
958 2568 1097 2629 editioni
1111 2567 1216 2633 Taciti

176 2668 218 2729 da
241 2667 408 2729 Germania
432 2666 594 2749 adpendit,
621 2667 769 2752 adiperlis
793 2668 986 2751 quibusdam
1009 2669 1045 2731 in
1070 2670 1215 2756 margine

176 2763 380 2837 coniecturis.
405 2767 614 2855 Conringiua.

179 3000 192 3013 ·-
224 3009 226 3013 ν
253 2970 633 3054 Sarmaticarum).
657 2968 834 3057 Quomodo
859 2969 937 3037 haec
966 2967 1051 3036 Mela
1077 2969 1216 3059 intelligi

171 3074 276 3143 uelit,
300 3090 377 3136 mox
398 3092 465 3154 cap.
480 3086 515 3152 4.
539 3074 653 3137 Vistula
669 3095 763 3135 amne
784 3077 929 3137 declarat.
970 3077 1063 3137 Idem
1077 3073 1163 3141 Plin.
1178 3084 1214 3157 4⁴

178 3188 236 3251 25.
254 3173 275 3238 l.
296 3191 350 3237 aa.
367 3188 399 3236 et
416 3175 553 3238 Ptolem.
570 3193 603 3246 n,
625 3196 680 3239 ιι.
718 3177 781 3239 Sed
795 3178 863 3260 poll
873 3176 1045 3262 Agrippam
1060 3190 1094 3241 et
1109 3176 1215 3249 Malea

177 3288 312 3339 aetutem
332 3276 412 3336 ultra
435 3275 584 3338 Villulam
608 3279 763 3340 terminus
785 3281 927 3363 prolator
948 3279 1054 3349 inille,
1081 3274 1213 3360 operola

177 3376 332 3439 adstruere
352 3390 452 3438 tentat
467 3376 598 3443 Cluver.
620 3380 654 3439 in
675 3380 783 3442 Germ.
801 3394 865 3445 out.
886 3396 919 3459 5,
943 3391 1003 3461 42.
1020 3401 1052 3461 p.
1069 3381 1154 3457 671.
1179 3380 1213 3441 tu

178 3481 351 3560 eademque
397 3477 549 3541 sententia
583 3480 724 3543 Plinium
756 3486 852 3544 etiarn
879 3503 907 3546 c.
939 3480 961 3545 1.
995 3480 1086 3544 inille
1120 3494 1215 3564 putat

177 3594 305 3662 propter
327 3580 503 3651 Baliernae.
534 3601 617 3663 quon
637 3584 716 3645 olim
740 3585 778 3644 ad
804 3584 991 3645 Danubium
1014 3596 1048 3645 et
1067 3584 1214 3651 Pontum

176 3681 338 3764 permilloo
361 3678 449 3743 inille
471 3700 510 3744 ex
531 3685 601 3746 aliia
624 3684 754 3748 constat.
802 3686 924 3751 Contra
949 3699 1056 3748 tuetur
1080 3686 1213 3767 Spener.

176 3787 208 3843 in
232 3785 328 3846 notit.
351 3783 459 3845 Germ.
482 3799 547 3846 ant.
570 3806 597 3855 ι.
616 3802 650 3854 ιι.
668 3803 701 3849 a.
721 3806 752 3868 p.
773 3806 829 3851 ro.
853 3789 1002 3850 Tacitum
1021 3801 1054 3859 et
1068 3787 1214 3849 Plinium

176 3883 338 3967 respexille
362 3899 491 3968 gentem
518 3887 756 3959 Germanicam.
787 3889 909 3951 Melam
934 3901 969 3953 et
990 3888 1213 3959 Ptolemaeum

178 4003 302 4050 terram.
345 3986 491 4049 Omnino
502 4002 652 4051 auctores
669 3990 711 4061 ab
733 3990 792 4052 hac
811 4006 899 4074 parte
922 3994 1078 4056 terminon
1100 3990 1212 4067 condi

176 4103 271 4152 tuunt
282 4089 472 4153 Germaniae
487 4090 540 4151 vel
557 4091 723 4166 virtutem,
738 4094 792 4158 vel
807 4095 1005 4169 Sarmatiam,
1022 4095 1070 4157 uti
1086 4106 1212 4179 praeter
