2558 4606
93 308 104 332 ‘
183 334 247 400 ιιι
454 336 614 401 noran
654 336 958 405 nxuonrrcnn

188 527 256 578 tate
274 524 367 577 certa.
410 512 496 575 Hinc
510 532 594 589 vero,
604 513 644 577 ad
659 513 789 577 Vibium
805 513 941 580 diorum
956 524 1066 577 enatae
1083 511 1156 574 sunt
1171 511 1234 575 dia·

189 617 392 702 nutationes,
413 636 491 697 quas
506 617 591 677 notia
606 617 744 679 intexuit
759 614 933 680 Oberlinuo
947 637 980 699 p.
995 627 1058 693 151
1081 613 1144 699 sqq.
1179 612 1233 678 cf.

190 720 288 783 etiam
303 718 452 781 Barthiuo
466 717 505 778 ad
520 717 686 783 Claudian.
701 718 837 782 debello
851 714 1025 782 Gildonico
1042 738 1073 780 v.
1090 731 1150 799 5ι.
1176 716 1233 779 ubi

192 834 301 884 tamen
334 820 394 903 pro
422 818 531 881 Oaxes
564 821 714 883 Heinsius
747 841 787 882 ex
820 820 910 882 libris
936 811 1092 903 ¹pluribus
1125 831 1234 881 tuetur

190 924 327 988 Araxes.
380 910 612 985 Boccatiua'dc
635 913 823 985 fluminibuc
845 920 866 985 s.
884 942 917 986 v.
942 919 1044 992 Oaxia
1062 920 1115 984 ves
1133 920 1235 993 oxus,

93 1053 97 1059 ·
192 1022 249 1088 ubi
267 1023 391 1085 Melam
412 1023 545 1104 repetit,
572 1024 613 1086 dc
628 1023 732 1087 nostro
749 1022 822 1087 Oxo
837 1036 954 1087 narrat.
1008 1021 1122 1089 Oaxus
1138 1022 1238 1089 otiam

193 1125 238 1190 css
253 1125 288 1186 in
302 1123 462 1190 Martiano
478 1124 606 1208 Capussa
619 1124 675 1190 lib
692 1126 726 1191 6.
748 1145 780 1209 p.
796 1139 884 1203 995.
912 1124 968 1186 ubi
983 1125 1043 1195 elii
1059 1122 1173 1197 Orcus.
1202 1136 1237 1187 ot

195 1226 329 1299 Grotius
344 1225 416 1286 vult
433 1225 536 1288 Oanis
549 1246 589 1289 ex
602 1226 675 1292 MS.
718 1229 757 1291 ln
772 1228 843 1289 lacu
860 1225 934 1307 Oxo
948 1228 1025 1290 oriri
1040 1226 1136 1287 tradit
1150 1226 1236 1295 Psin.

197 1330 233 1400 6,
255 1340 310 1407 ¹8·
332 1325 355 1393 s.
375 1325 430 1392 16.
454 1341 489 1390 et
509 1347 610 1393 exeo
632 1329 735 1391 Sosin.
754 1340 811 1409 59.
831 1325 864 1391 s..
870 1337 932 1412 49.
968 1313 1113 1415 Ὤξιανὴ
1137 1323 1237 1417 λίμνῃ

194 1412 429 1500 Ptolemaeosi.
450 1447 504 1493 tc.
527 1431 561 1491 in
583 1432 788 1516 Sogdiana.
788 1429 847 1495 At
862 1450 936 1493 cum
950 1450 1007 1514 per
1020 1428 1050 1492 so
1071 1430 1105 1491 id
1126 1430 1183 1492 vix
1200 1429 1238 1491 sit

198 1516 368 1601 credibile,
401 1545 472 1593 turn
494 1528 701 1597 Ptolemaeus
723 1533 834 1604 docet,
856 1532 960 1593 illum
981 1533 1084 1609 lacum
1100 1550 1118 1593 a
1134 1530 1238 1595 fluvio

197 1632 298 1704 offici,
324 1633 440 1715 quiex
461 1632 589 1718 Sogdiin
610 1626 775 1697 montibus
796 1631 974 1697 descendat.
1024 1633 1110 1695 Hinc
1130 1630 1238 1697 soutoo

198 1735 333 1799 ulterius
347 1735 538 1817 quaerendi,
568 1754 632 1818 quo
648 1735 750 1798 etalii
766 1734 898 1798 ducunt.
952 1733 1125 1798 Caucasum
1145 1753 1237 1799 mon·

30 1916 32 1923 ,
85 1902 87 1907 ,
197 1851 265 1900 tem
281 1835 402 1899 habent
416 1834 532 1916 Polyb.
548 1854 605 1907 ιο,
619 1846 681 1915 45.
697 1848 731 1900 et
744 1837 864 1901 Arrian.
880 1837 920 1899 de
934 1857 1007 1918 exp.
1024 1836 1114 1900 Alex.
1131 1850 1166 1917 5.
1177 1853 1238 1919 99.

197 1926 339 2023 stolam.
358 1938 392 2009 6,
413 1953 468 2000 ι9.
481 2011 485 2019 ¹
497 1936 745 2011 Macedonicum
757 1939 991 2021 manuninum,
1011 1957 1110 2021 quern
1123 1936 1238 2003 diserte

198 2061 218 2105 a
237 2040 375 2104 Pontico
393 2028 559 2124 distinguit
579 2038 644 2124 ipse
663 2051 696 2118 5.
714 2052 750 2118 5.
773 2054 807 2102 ot
824 2038 939 2104 diserte
955 2051 990 2118 5,
1008 2053 1042 2120 5.
1057 2060 1125 2122 ,Ριι
1144 2040 1239 2104 Paro·

199 2139 358 2228 pamisum
383 2140 527 2233 explicat.
584 2143 689 2225 Atque
714 2160 755 2205 co
789 2143 886 2205 etiam
919 2142 1008 2204 ducit
1037 2142 1242 2205 Ptolemaeus

202 2245 237 2316 6.
265 2259 322 2307 ιι.
364 2237 416 2305 cf.
437 2242 476 2302 ad
499 2239 620 2304 Melam
641 2266 671 2316 1,
697 2254 752 2321 15,
775 2259 809 2307 9.
861 2244 1003 2307 Ulterior
1034 2262 1076 2305 ox
1109 2245 1240 2307 Ernodo

200 2356 314 2409 monte
330 2341 421 2404 ducit
435 2338 567 2424 Dionys.
583 2365 618 2409 v.
639 2353 724 2428 747.
750 2359 872 2407 etcum
889 2364 929 2408 eo
945 2342 1094 2407 Priscian.
1111 2364 1144 2431 y.
1156 2356 1241 2424 794.

200 2441 321 2520 Procul
345 2455 454 2506 tamen
484 2444 615 2508 Emodo
641 2460 754 2510 monte
780 2448 802 2508 i.
827 2464 856 2510 o.
884 2446 968 2508 haud
1002 2447 1098 2530 longe
1123 2449 1240 2510 Anien.

157 2568 164 2587 ·
200 2556 237 2613 v.
259 2547 345 2628 926.
395 2546 601 2610 Recentiorea
635 2548 670 2609 in
701 2546 848 2610 sontibus
878 2549 1028 2610 notandis
1060 2560 1242 2612 memorant

200 2661 331 2713 montes
354 2646 477 2709 Betur-
494 2647 608 2728 Tagler
632 2649 836 2732 primumque
858 2652 926 2712 eina
949 2668 1071 2711 nomeu
1092 2649 1244 2713 adserunt

200 2740 341 2817 Horror.
377 2750 449 2812 vid.
465 2749 601 2812 Bothek
620 2751 712 2813 Asien
736 2751 777 2815 T.
795 2767 830 2814 9.
854 2771 925 2836 pag.
945 2767 1030 2830 279.
1088 2749 1243 2817 Incursu

148 2848 153 2863 “
203 2852 325 2917 dividit
344 2843 482 2936 Sogdios
502 2850 656 2932 (Dionys.
677 2872 710 2913 v.
729 2862 813 2931 747.
836 2866 958 2914 etcum
980 2871 1020 2915 eo
1043 2851 1192 2917 Priscian.
1209 2866 1243 2917 et

201 2954 348 3019 Avienus
364 2972 409 3016 cc.
423 2953 478 3032 sl.)
499 2950 552 3014 v'ol
565 2955 684 3041 'potius
704 2953 827 3016 dirimit
850 2953 1047 3016 Bactrianam
1062 2969 1096 3016 et
1110 2956 1244 3041 Sogdia·

106 3118 108 3127 .
202 3075 290 3127 nam,
304 3053 436 3140 (Strabo
451 3070 484 3118 9.
500 3074 533 3138 p.
545 3066 605 3133 50.
617 3053 639 3119 s.
652 3069 710 3135 73.
740 3075 796 3120 ιι.
814 3076 847 3139 p.
861 3068 946 3138 554.
958 3054 978 3119 s.
991 3068 1075 3135 513.
1085 3061 1127 3139 'yet
1144 3052 1244 3143 alibi)

203 3156 379 3221 Derbioum
397 3157 522 3218 medion
540 3157 619 3219 siner
638 3155 726 3228 secat,
741 3157 843 3239 (Plin.
857 3158 890 3229 6,
911 3155 1082 3241 18.s.16.)
1108 3172 1143 3221 et
1155 3161 1256 3221 iuxtv

201 3250 396 3340 Hyrcaniam
416 3258 451 3318 in
468 3246 567 3325 'mare
581 3257 729 3342 Caspium
752 3259 875 3330 influit,
901 3260 1043 3338 (drriam
1062 3263 1102 3322 de
1124 3260 1241 3347 expers.

202 3361 292 3426 Alex.
312 3374 347 3437 5,
367 3374 426 3438 99.
458 3354 560 3422 Sosin.
583 3380 610 3423 c.
627 3376 685 3424 9ι.
702 3359 723 3422 s.
742 3364 821 3441 17.)
847 3360 905 3427 ubi
927 3360 1041 3438 Noster
1057 3360 1244 3447 pontt-post

54 3465 60 3478 “
154 3524 157 3529 ,
203 3461 360 3526 Amardos
375 3473 408 3523 et
424 3459 579 3532 Paeficar‚
605 3462 776 3551 dequibus
789 3455 1002 3528 antedictum
1018 3463 1071 3527 est.
1111 3464 1244 3549 Excipit

202 3565 309 3650 plures
334 3562 469 3632 duvios,
496 3554 644 3655 (irrcnrsu
676 3565 810 3626 oliorum
841 3564 995 3645 grandior
1016 3564 1129 3649 Mosa)
1163 3585 1245 3649 quoe

202 3677 362 3729 memorat
390 3663 595 3726 Ptolemaeus
628 3666 662 3725 in
693 3667 864 3747 primia6,
898 3685 952 3728 ιιι.
979 3681 1013 3729 et
1042 3687 1097 3728 ιι.
1126 3668 1243 3753 aliique

89 3854 92 3859 Ι
201 3762 325 3851 passim.
368 3765 451 3827 In“
429 3786 469 3827 ιιι
490 3763 563 3827 sunt
585 3764 701 3836 Ocnus,
728 3766 861 3851 (Strabo
885 3788 940 3830 ιι.
962 3787 993 3850 p.
1008 3780 1097 3849 55ι.
1101 3766 1243 3851 [.599.

200 3869 365 3933 Διιιιιιίιιιι.
384 3881 443 3946 95,
461 3868 495 3931 6.
510 3886 543 3965 p.
563 3883 645 3947 999.
664 3865 787 3957 Gron.)
817 3868 872 3930 etsr
894 3868 935 3931 de
955 3870 1150 3936 confluentio
1171 3873 1244 3936 loco

203 3971 400 4063 disputatum
428 3968 472 4032 est
500 3966 628 4032 auctore
655 3969 814 4033 Strabone
832 3991 890 4034 ιι
899 3990 983 4054 pag.
1007 3983 1092 4049 557.
1116 3970 1139 4039 s.
1157 3982 1243 4053 518.

202 4056 388 4166 Zdn'atspa,
397 4066 527 4159 (Strabo
541 4090 605 4135 ιι.
623 4091 655 4156 p.
674 4072 759 4153 556.
774 4069 797 4185 s.
815 4068 916 4158 5ι6.)
943 4066 1185 4169 quiansaspsr
1201 4073 1249 4141 ess
