2558 4606
184 306 245 425 ino
456 342 618 404 noran
656 314 1018 404 exacturam·
1056 328 1060 375 ³

140 571 159 599 y·
180 514 451 609 promontorium
467 510 607 583 sacrum.
654 518 719 581 Sed
739 514 840 602 magis
863 530 978 581 earum
1000 519 1094 582 suum
1116 515 1228 605 depri-

179 621 245 687 mit
266 618 413 685 Avienna
429 640 461 684 v.
479 631 563 703 738.
590 620 672 683 dum
695 615 914 709 Aethiopib'ua
938 620 980 683 ad
1000 626 1094 685 mate
1114 622 1227 685 Atlan-

181 723 289 789 ticum
309 724 483 811 adsignat·-
517 724 605 785 Lare
625 722 667 783 ad
682 718 875 807 Hispaniam
890 714 1017 794 iibere,
1043 718 1066 786 i.
1090 744 1120 791 e.
1142 724 1231 809 spat·-

180 826 249 899 iaa‚
281 822 365 889 dicit
386 822 478 889 idem
499 821 536 887 in
556 842 613 886 ora
634 821 799 886 maritima
819 846 851 887 v.-
867 838 926 905 97.
978 826 1083 909 Supra
1103 827 1227 915 Lusita-

179 924 274 993 niam
287 923 325 991 in
340 923 472 991 obiecto
486 922 664 1011 Hispaniae
677 924 761 997 mari
776 929 864 991 locat
877 923 1018 989 Diodor.
1034 923 1100 991 Sic.
1113 940 1149 1009 5,
1166 934 1224 1009 38.

181 1032 223 1096 tt
245 1026 429 1111 longilfime
448 1025 578 1091 recedit
598 1029 785 1113 Stephanus
801 1029 834 1091 b.
849 1050 881 1092 v.
908 1026 1089 1117 vellquem
1111 1029 1229 1093 tesiam

181 1132 313 1215 adlegat
325 1128 520 1210 Dionysium
536 1128 572 1192 in
588 1126 773 1199 Baliaricis.
808 1126 934 1217 quippe
949 1128 1007 1215 qui
1030 1128 1066 1192 in'
1087 1132 1226 1195 Oceano

160 1252 286 1321 ‚prope
309 1231 436 1294 Indiam
462 1228 648 1297 titassuille
668 1229 790 1295 scribit.
850 1231 955 1327 Caute
977 1248 1012 1294 et
1032 1230 1226 1316 stmpliciter

171 1334 369 1401 'Herodotus
388 1346 524 1411 5.-115.
559 1329 617 1417 qui
637 1336 735 1417 plane
762 1352 874 1395 earum
898 1335 993 1396 suum
1012 1331 1167 1417 ignorare
1193 1324 1229 1397 se'

177 1436 312 1501 fatetur.
360 1435 503 1519 Adparet
525 1445 635 1505 tamen
656 1456 697 1496 ex
719 1432 812 1519 supra
834 1432 933 1498 dictio
955 1432 1094 1520 propina
1109 1420 1234 1523 Hispa-¹

43 1596 48 1609 ,
177 1537 270 1603 niam
285 1540 461 1623 plerosque
476 1535 633 1621 posuisse,
657 1540 724 1608 etfi,
746 1534 782 1598 in
797 1557 862 1621 qua
878 1533 958 1599 eiur-
966 1538 1078 1621 plaga,
1094 1558 1224 1623 parum

177 1637 393 1707 constiterint.
444 1636 534 1700 Hine
550 1654 582 1701 et
599 1637 791 1724 κασσίτερον
806 1634 972 1702 Κελτικόν
988 1655 1089 1701 vocat
1103 1637 1222 1709 Aristo·

176 1745 259 1807 cetea
275 1742 317 1804 de
334 1738 450 1803 mirab.
473 1739 606 1801 auscult.
624 1760 694 1825 cap.
711 1733 770 1817 5⁴¹·
822 1740 893 1823 lpsa
917 1737 1059 1824 quidem·
1076 1740 1222 1806 narratio

175 1844 219 1907 ad
239 1858 427 1908 commenta
444 1838 560 1904 referri
580 1838 723 1903 minime
743 1840 863 1923 potest,
890 1861 967 1904 curn
986 1838 1076 1923 „nihil
1097 1842 1224 1909 adferat

175 1942 307 2011 absurdi
322 1960 357 2007 et
371 1946 411 2006 ab
427 1939 631 2029 experientia
649 1938 767 2017 alieni,
795 1945 852 2004 etsr
868 1939 988 2005 bubulis
1009 1941 1092 2007 velit
1108 1964 1223 2011 accen·

174 2048 246 2113 sere
261 2049 309 2110 tle
331 2043 468 2108 navium
492 2064 531 2107 ex
552 2041 667 2106 insulis
688 2059 825 2106 vectura
846 2040 1071 2133 narrationem
1092 2043 1223 2115 Plinius

124 2190 129 2203 .
176 2161 238 2231 34,
254 2160 315 2230 47.
333 2148 355 2209 s.
374 2149 429 2211 1›6.
450 2154 529 2208 curu
543 2162 672 2207 certum
686 2162 768 2208 tunc
782 2143 898 2216 fuerit.
910 2146 1067 2209 'stannum
1081 2144 1119 2213 in
1133 2150 1229 2231 Lufi.·

173 2248 264 2315 tania
287 2245 380 2333 gigni
406 2243 496 2310 etin
519 2244 691 2311 Gallaecia.
744 2249 829 2309 Sunt
848 2242 939 2308 enim
960 2245 1103 2321 insulae.
1135 2238 1221 2337 quae

172 2346 331 2436 largiores
348 2345 450 2411 stanni
470 2363 569 2411 venas
585 2348 771 2420 ostendant,
798 2362 832 2412 et
848 2346 982 2413 aliunde
998 2347 1033 2412 in
1048 2351 1221 2417 Graeciam

173 2454 351 2517 advectum
383 2450 462 2524 effe,
496 2469 611 2514 omnes
646 2450 809 2513 testantur.
872 2449 929 2515 sic
959 2448 1078 2515 diserte
1109 2463 1221 2521 natam

85 2568 96 2585 ’
171 2546 343 2623 Diodorus
359 2572 387 2616 c.
404 2554 425 2617 l.
448 2550 595 2616 stauarum
611 2575 650 2615 ex
664 2550 768 2615 insula
781 2550 973 2617 Britannica
987 2550 1023 2615 in
1038 2556 1220 2639 obpositam

172 2655 297 2725 Galliae
320 2653 549 2720 continentem
569 2670 827 2738 transportatum
835 2664 849 2726 ,'
876 2670 910 2718 et
931 2652 1012 2717 inde
1034 2678 1094 2741 per
1117 2658 1220 2724 Celti.

171 2780 248 2824 cam
272 2756 547 2822 mediterraneam
574 2777 591 2820 a
614 2750 852 2819 mercatoribus*
879 2755 1158 2823 ad¹Massrliensea
1185 2777 1220 2824 et

170 2862 326 2927 Narbona
347 2861 491 2921 delatum
511 2859 583 2921 effe.
632 2856 721 2921 Hinc
743 2855 846 2942 igitur
863 2858 905 2928 ad
928 2859 1070 2923 Graecos
1093 2861 1218 2937 devehi

134 2981 136 2985 ·
171 2961 312 3027 navibus
344 2962 519 3026 commode
549 2956 670 3044 potuit
737 2960 846 3044 Quam
878 2957 1014 3045 quidem
1047 2962 1217 3029 Posidonii

171 3064 265 3129 sitisse
282 3059 488 3148 opinionem,
514 3062 647 3146 adparet
664 3082 703 3123 ex
720 3062 881 3123 Strabone
896 3077 929 3139 3.
942 3084 974 3145 p.
994 3064 1111 3128 tous.
1135 3076 1215 3147 147.

62 3206 65 3211 »
170 3162 230 3255 qui
253 3166 369 3230 eadem
391 3166 504 3239 habet3
541 3178 668 3226 tantum
694 3162 815 3247 plurali
846 3161 1068 3253 Βρεττανικαῖς
1088 3148 1217 3253 tiociis,

170 3287 251 3357 quaa
280 3289 299 3328 a
322 3263 566 3329 catuteridibus
596 3263 775 3349 distinguit.
829 3266 931 3350 Quod
960 3280 1069 3329 tamen
1103 3267 1218 3335 scribit

105 3397 108 3404 ·
169 3368 262 3435 idem
280 3388 352 3453 pag.
373 3367 489 3429 rans.
512 3378 591 3449 175.
614 3364 798 3430 Phoenices
821 3389 839 3429 a
858 3364 1004 3443 Gadibus
1021 3390 1073 3432 eas
1094 3367 1217 3437 insulae

164 3471 356 3561 petierunt,
378 3488 520 3554 eamque
540 3465 786 3553 navigationem
803 3466 848 3532 ita
863 3472 1027 3542 celarunt,
1052 3487 1108 3545 ut,
1136 3494 1216 3538 cum

168 3572 348 3661 aliquando
370 3568 465 3632 navis
483 3573 630 3632 Romana
652 3567 868 3633 Phoenicium
891 3570 1099 3657 sequeretur.
1132 3574 1216 3640 haec

168 3678 211 3745 ael
242 3674 365 3741 vatium
393 3668 496 3734 adlidi
528 3676 641 3735 mallet
665 3694 743 3737 cunt
756 3675 933 3748 ‚Romanu
972 3673 1054 3737 dum
1078 3677 1215 3741 taudem

116 3800 119 3805 ·
165 3776 307 3847 Publius
332 3774 458 3839 Crassus
479 3770 567 3835 viam
582 3773 720 3838 detexit.
750 3776 848 3836 ntae
864 3777 1016 3839 stture'ro
1032 3776 1212 3863 quaeritur.

97 3912 105 3922 ·
167 3877 346 3947 Cluverius
361 3875 397 3938 in
413 3874 589 3941 Germania
601 3892 667 3940 ant.
688 3900 718 3947 1,
737 3894 768 3945 e.
784 3898 817 3960 p.
832 3896 887 3957 19.
903 3892 1007 3961 putat,
1034 3878 1212 3968 antiq'uiffi·

167 3982 461 4052 moaGraecomm
482 3975 687 4042 Britannicae
710 3975 831 4041 insulas
852 3975 1062 4053 intellexisse,
1088 4002 1212 4069 eaeque

121 4108 124 4115 ·
166 4096 397 4178 pcr'ertorem
421 4100 490 4146 uon
515 4082 634 4167 patcul
651 4082 700 4150 ab
713 4077 880 4166 turpant
904 4077 1060 4168 posuisse.
1111 4084 1212 4151 certa
