2558 4606
188 356 545 425 turoneum„
587 366 698 433 cnr.
739 346 844 434 cni.
885 368 968 442 cr.
1048 382 1109 446 ιη
1209 334 1243 423 f.

62 537 275 624 etEuropae
301 555 424 622 partem
447 540 607 624 occupasse
631 543 730 606 addit.
788 543 947 629 Exssquo,
980 543 1110 626 opinor,

62 642 205 728 intelligi
220 642 323 722 potest
337 644 479 705 brienne
489 665 521 708 v.
537 654 621 722 854.
639 644 707 713 ubi,
725 656 803 705 trux
817 645 977 716 Sarmata,
993 646 1111 727 inquit,

64 740 181 804 bellice
201 743 365 824 quotidem
385 744 495 807 Gentis
509 746 741 809 Amazonidum
756 736 899 836 soboles,
926 747 1018 809 cuiue
1039 764 1111 809 cau·

64 842 130 907 sam
148 843 360 907 subministrat
374 846 558 910 Herodotut
571 857 607 928 4,
628 867 640 913 r
654 862 708 928 13.
724 845 745 910 s.
764 868 802 909 ex
818 849 1018 911 Amazonum
1034 866 1113 911 cunt

63 947 196 1027 Scythia
218 947 452 1012 commistione.
494 947 546 1012 Gi.
573 950 612 1013 ad
642 948 760 1012 Melam
782 970 810 1019 t,
841 968 895 1030 19,
921 967 977 1028 ¹9·
1031 950 1112 1019 lude

66 1066 147 1110 reto
165 1049 262 1110 etiarn
278 1049 478 1133 intelligitur,
505 1071 560 1111 cur
570 1051 654 1112 Mela
669 1051 722 1112 bic
737 1051 777 1112 de
793 1051 1004 1113 Sarmatarum
1021 1026 1115 1113 serni·

64 1152 119 1212 nie
140 1165 263 1219 narret,
289 1170 368 1230 quae
384 1153 458 1214 aliae
475 1152 671 1215 sauromatis
687 1167 719 1215 et
736 1152 954 1215 Amazonibus
969 1152 1115 1216 tribuun-

67 1264 132 1315 tur.
175 1251 332 1315 Poberior
347 1254 443 1314 etiarn
460 1268 542 1316 aetas
561 1255 761 1316 Sauromatas
777 1256 922 1324 vocavit,
948 1267 984 1314 ut
999 1253 1115 1317 Vibius
1220 1306 1225 1316 1

68 1355 168 1441 Seqn.
186 1374 218 1435 p.
233 1353 292 1430 36.
320 1353 592 1439 Gengnliaveun.
609 1366 643 1434 lt,
660 1367 696 1434 4.
722 1358 776 1437 qui
791 1375 847 1438 per
863 1355 945 1436 iploe
960 1354 1115 1419 villulam

68 1459 206 1521 transire
230 1452 345 1518 scribit.
403 1457 477 1518 Fuit
499 1470 606 1518 autem
630 1458 781 1519 Sarmatia
814 1457 949 1540 duplex,
985 1455 1116 1523 afiarta·

68 1557 155 1621 inter
173 1552 312 1619 Tanaim
331 1570 363 1619 et
385 1558 473 1630 Rha,
499 1560 662 1640 Europaea
685 1559 768 1619 inter
787 1558 930 1623 Pontum
946 1560 1118 1629 Euxinum

70 1673 103 1723 et
118 1658 257 1723 Tanaim
272 1658 311 1718 atl
328 1659 478 1722 villulam
498 1677 610 1741 utque.
649 1660 823 1740 Utramque
838 1657 997 1741 descripsit
1009 1659 1118 1723 Ptole·

71 1778 184 1825 maana
201 1774 234 1834 3.
251 1773 282 1837 5·
299 1773 332 1823 et
346 1771 378 1838 5,
396 1775 429 1837 5.
482 1764 531 1825 De
546 1761 597 1823 illa
613 1760 666 1821 bic
680 1761 718 1821 ad
736 1759 985 1842 explicationem
999 1760 1117 1826 Matre.

41 1906 43 1911 .
71 1862 97 1926 Δ
125 1861 355 1942 septemtrione
382 1854 481 1942 igitur
506 1863 618 1926 desinit
643 1862 774 1924 Oceano
801 1861 997 1930 Sarmatico,
1029 1862 1118 1925 turra

73 1960 179 2021 sinum
197 1961 407 2027 Veneriicum,
426 1972 458 2020 et
473 1976 560 2041 parte
579 1954 677 2022 terrae
695 1963 888 2044 incognitae,
903 1963 941 2025 ad
957 1962 1118 2031 orientem

72 2063 246 2125 Sarmatiae
267 2061 391 2144 plagam
410 2079 508 2142 prope
525 2063 677 2134 Tanaim;
703 2061 740 2123 atl
764 2060 904 2123 occasum
922 2063 1053 2135 Vissula;
1078 2061 1120 2125 ab

74 2163 180 2225 austro
196 2162 376 2224 Sarmaticis
392 2163 569 2235 montibus,
592 2163 771 2246 lazygibue,
799 2162 988 2234 Metanallie,
1011 2166 1118 2236 Dacia,

72 2263 277 2344 borysthene
293 2278 323 2325 et
340 2264 510 2330 Carcinite,
562 2265 654 2350 Quae
669 2265 871 2328 Ptolemaeus
886 2266 1049 2329 definitiua
1065 2266 1119 2349 rie·

72 2367 193 2450 signat,
223 2363 336 2427 Noster
358 2366 488 2428 bravius
507 2369 707 2448 omninoque
728 2368 857 2429 indicat.
908 2366 1013 2429 Habet
1030 2368 1122 2435 enim

74 2466 236 2530 terminon
257 2469 446 2529 nominibus
463 2467 524 2530 suia
548 2482 675 2531 notatoe
691 2468 840 2530 Villrrlam
862 2481 893 2530 et
916 2469 1048 2540 librum,
1073 2486 1124 2531 re·

75 2569 162 2652 siqua
180 2566 280 2642 verbo
296 2572 382 2631 intus
397 2571 598 2651 complexus,
632 2572 665 2631 in
684 2572 796 2652 primia
817 2567 925 2633 versun
948 2571 1120 2643 orientem,

75 2671 134 2735 nbi
155 2672 249 2735 latior
266 2671 312 2732 ⁴eli
336 2671 421 2733 iuxta
445 2674 579 2735 Tanaim
597 2687 629 2734 et
647 2675 816 2740 Ixamatae,
847 2690 941 2754 quam
965 2673 1003 2734 ad
1024 2690 1123 2737 mare,
1169 2695 1173 2701 ¹

74 2772 189 2841 Plures
212 2792 289 2834 vero
307 2773 513 2836 Ptolemaeus
535 2772 675 2836 recenset
693 2773 850 2856 populor,
881 2774 915 2832 in
936 2773 1052 2855 quibua
1066 2774 1123 2837 ali·

76 2877 135 2960 qui
158 2877 257 2937 etiam
280 2874 355 2937 alibi
376 2877 524 2938 Sarmatia
542 2875 655 2937 diserte
676 2874 901 2945 adcensentur,
927 2888 965 2934 ut
987 2877 1122 2956 lazyges
1204 2926 1206 2933 .

79 2979 258 3041 Sarmatae.
284 2973 415 3063 (Strabo
431 2993 464 3063 7.
488 2993 614 3060 para.
633 2976 652 3038 s.
672 2978 754 3054 306.
784 2977 867 3039 Plin.
886 2985 921 3058 4,
945 2986 1003 3050 28.
1019 2974 1040 3039 s.
1064 2991 1122 3042 ra.

75 3079 183 3143 Tacit,
207 3080 290 3140 bun.
313 3095 367 3146 ra,
387 3096 446 3159 29.
461 3113 512 3128 -
533 3080 574 3140 de
591 3097 656 3160 quo
673 3077 858 3141 Harduinue
876 3078 915 3138 ad
933 3078 1017 3141 Plin.
1032 3097 1060 3139 c.
1078 3073 1124 3160 l.)
1208 3124 1213 3133 .

78 3181 120 3249 ln
142 3182 201 3243 illo
222 3192 323 3241 tractu
342 3201 414 3261 cpm
431 3181 617 3243 Ptolemaeo
633 3178 747 3243 Strabo
768 3181 861 3261 ponit
877 3180 974 3240 etiarn
988 3177 1123 3271 Bostar·

79 3302 159 3353 nus,
185 3282 376 3344 Roxolanos
394 3283 535 3364 aliosque
556 3295 726 3364 praeterea.
768 3281 820 3343 Sic
834 3282 957 3362 aliquot
974 3281 1124 3359 Scythiae

78 3386 265 3469 Europaeae
281 3381 428 3447 adscribit
444 3384 528 3446 Mela
547 3401 579 3454 a,
602 3405 631 3446 ι.
658 3386 713 3466 qui
733 3383 767 3444 in
784 3383 935 3459 Sarmatia
952 3395 1127 3451 occurrunt

80 3489 166 3571 apud
184 3486 427 3563 Ptolemaeum,
453 3487 503 3547 uti
524 3488 620 3549 docet
634 3484 829 3566 comparatio
847 3485 1013 3566 utriuaque
1034 3482 1124 3547 sacta.
1242 3509 1245 3515 ¹

80 3589 167 3653 Mela
184 3590 283 3673 igitur
297 3587 359 3648 vel
372 3589 454 3660 male
470 3588 578 3650 divisit
593 3588 795 3675 Sarmatiam,
828 3572 882 3650 rel
901 3601 1025 3670 partem
1043 3606 1124 3659 eam,

79 3711 161 3778 quae
183 3689 324 3775 adtingit
344 3680 495 3773 paludem
521 3704 553 3755 et
574 3691 730 3758 Pontum,
752 3707 770 3751 a
795 3689 950 3766 Sarmatia
973 3687 1125 3756 distinxit,

79 3796 124 3857 ita
145 3807 185 3856 nt
206 3793 360 3854 interiora
390 3789 522 3870 delinire
545 3811 613 3854 non
641 3789 837 3861 sustinuerit,
869 3803 1087 3875 praeterquam
1110 3806 1129 3851 a

78 3896 199 3961 Vistula
215 3895 255 3957 ad
269 3893 470 3957 Danubium.
511 3895 598 3956 Hinc
613 3893 654 3955 de
677 3891 827 3954 Danubio
845 3908 876 3963 a,
895 3903 979 3968 1,8.
1001 3895 1048 3954 At
1067 3889 1127 3961 ille,

78 3998 204 4085 inquit,
239 3995 295 4079 qni
320 3995 469 4080 Scythiae
491 3994 625 4078 populor
648 4015 670 4056 a
686 3983 893 4086 sequentibus
914 3992 1057 4065 dirimit,
1093 4004 1131 4054 et.

80 4095 240 4167 Sarmatia
249 4094 354 4162 Melae
370 4098 597 4183 ,temporqvel
612 4115 657 4161 ex
669 4097 741 4165 eiua
756 4094 913 4183 opinione
926 4094 970 4159 ad
983 4091 1129 4159 neema
