2558 4606
672 60 683 111 s

179 356 543 426 turoneum„
583 364 698 426 nm.
741 364 848 431 nvn
890 370 971 443 ae.
1042 372 1107 440 ιιι
1159 382 1162 389 ·

52 534 199 601 ‘l'bulen'
217 549 364 621 pateram
384 536 479 601 bidui
498 539 703 625 navigatione
724 539 862 625 perfeeto
885 540 1033 624 excipere
1055 537 1102 601 ait

51 637 248 717 Haebudeaa
275 638 414 705 Orcadea
428 660 525 725 porro
540 641 579 703 ab
595 642 804 707 Haebndibua
820 642 881 707 esse
899 642 1019 727 septem
1034 639 1102 703 die·

52 758 130 803 rum
155 739 358 825 totidemque
382 743 530 807 noctium
556 741 663 817 eursu,
696 746 836 828 deniqne
859 743 899 807 ab
923 738 1102 807 Oreadlbua

53 841 189 907 Thulen
209 860 311 927 tamne
326 842 388 908 esse
403 845 544 929 quinque
558 845 687 909 diemrn
699 865 735 909 ac
755 847 902 909 noctium
923 844 1101 929 navigatio·
1143 910 1145 915 ,

53 962 146 1009 nem.
184 941 228 1007 At
241 940 316 1007 sunt
328 945 453 1009 turbata
467 966 521 1019 ea,
546 966 607 1010 nee
622 946 679 1008 srbi
694 947 853 1020 constant,
878 960 1100 1030 praeterquam

53 1044 146 1129 quod
161 1043 302 1110 Oreadea
316 1045 357 1109 ab
377 1046 588 1112 Haebudibna
607 1060 737 1111 tanturn
753 1062 895 1113 remotae
915 1049 1100 1119 videantur,
1180 1102 1182 1107 .

55 1144 112 1210 sed
127 1144 170 1209 sao
185 1164 255 1211 non
277 1159 432 1230 utraeque
445 1150 578 1232 perinde
591 1168 609 1211 a
623 1149 807 1223 Calidonia,
831 1165 926 1233 atque
942 1150 1100 1212 adfirmat.

55 1248 96 1311 l'.
113 1249 251 1311 omnino
266 1249 432 1314 Pontanua
445 1252 481 1312 in
505 1251 652 1337 chorogr.
666 1253 787 1315 Daniae
803 1252 948 1334 descript.
964 1272 997 1334 p.
1013 1257 1100 1330 745.

54 1346 115 1411 arbi
142 1361 255 1431 eoptra
285 1351 437 1414 Solinum
462 1352 651 1435 diaputatur.
700 1354 751 1416 Etr
777 1353 844 1437 ipso
879 1367 987 1416 tamen
1013 1350 1102 1413 Melz

53 1450 161 1536 gravia
186 1450 342 1514 obiicitur
364 1448 542 1518 difficultate.
593 1454 682 1517 Cum
707 1457 796 1517 enim
819 1476 836 1517 a
862 1455 1100 1539 septemtrione,

54 1552 110 1616 rel
126 1550 238 1615 oooasn
252 1553 292 1615 ad
306 1555 465 1618 orientem
485 1555 725 1641 progrediatur,
750 1557 837 1639 quod
852 1570 886 1620 et
897 1553 1017 1617 insulae
1031 1550 1104 1636 post

55 1654 91 1715 in
108 1652 331 1719 sinucodano
346 1654 535 1726 ostendunt,
560 1658 617 1738 qui
633 1657 736 1740 potest
750 1658 789 1720 ab
807 1658 981 1720 Oreadibna
995 1654 1101 1718 redire

55 1754 96 1818 ad
113 1754 279 1828 debudea,
306 1754 416 1819 silent
434 1757 575 1828 eaedem,
602 1772 637 1820 et
654 1756 732 1820 saltu
748 1758 844 1828 sacto,
869 1760 987 1820 relictie
1004 1756 1100 1818 Orea-

56 1855 163 1929 dibut.
184 1857 225 1922 ad
240 1857 325 1923 sinna
334 1856 460 1922 Codani
475 1856 590 1921 insulae
605 1858 713 1929 relabi,
736 1861 785 1920 uti
801 1858 921 1921 Melam
941 1861 975 1920 in
993 1855 1101 1918 tabula

56 1958 153 2021 duxit
171 1959 373 2025 Bainoldiua.
425 1960 527 2043 Quod
542 1959 713 2023 Cluverius
725 1960 760 2022 in
775 1960 884 2024 Germ.
903 1971 968 2023 ant.
987 1972 1019 2035 5,
1035 1966 1104 2036 4ο.’
1185 1980 1193 1991 ’

54 2076 88 2145 p.
104 2060 194 2140 665.
216 2060 295 2140 (ubi
316 2061 408 2144 plura
431 2059 638 2140 adseruntur)
664 2063 780 2125 erroria
794 2061 946 2124 Nostrum
968 2056 1107 2131 incusat,-

55 2180 121 2244 quo
137 2175 226 2225 aetna
240 2163 276 2223 in
292 2161 428 2225 Codauo
451 2161 519 2223 sinu
538 2162 698 2246 posuerit,
724 2164 805 2226 mala
821 2162 976 2225 librorum
993 2159 1101 2222 dillin-
1180 2158 1182 2162 '

55 2264 167 2327 orione
182 2262 335 2345 deceptor
355 2262 409 2326 eli.
461 2264 563 2328 Aliter
583 2265 769 2351 Schoening
783 2285 854 2350 pag.
871 2277 930 2342 50.
949 2284 976 2327 c.
994 2263 1015 2325 l.
1043 2260 1101 2344 qui

55 2376 112 2429 ant
126 2366 313 2447 tranopolita
328 2364 426 2428 verba
445 2379 552 2449 putat,
579 2380 636 2428 aut
649 2368 757 2449 potina
772 2386 848 2428 eum
865 2366 959 2428 satum
975 2384 1015 2428 ex
1031 2357 1101 2446 opi·

56 2467 161 2549 trione
182 2478 329 2529 veterum
354 2468 395 2530 de
416 2469 600 2531 Britanniae
621 2483 654 2531 et
680 2468 855 2530 Hiberniae
880 2467 939 2528 situ
960 2465 1101 2549 positum

56 2566 137 2641 ὡς
164 2566 354 2633 Hiberniam
375 2570 464 2632 enim
485 2571 523 2631 ad
548 2568 810 2652 septemtrionem
823 2569 1006 2630 Britanniae
1026 2584 1103 2627 cora-

57 2667 190 2741 looasse,
216 2681 251 2731 et
264 2670 463 2733 Britanniam
477 2671 560 2733 inter
575 2671 775 2733 occidentem
792 2683 825 2733 et
840 2668 1103 2752 septemtrionem

59 2768 252 2843 extendisse,
282 2770 372 2855 quod
395 2771 527 2852 quidem
553 2771 689 2834 declaret
709 2770 774 2854 ipse
798 2769 884 2832 Mela
906 2770 994 2854 supra
1016 2773 1046 2849 §.
1065 2778 1102 2847 4.

61 2872 104 2938 dt
117 2863 220 2965 super
236 2875 267 2953 §.
291 2873 326 2938 6.
360 2869 450 2957 saepe
485 2872 659 2955 simplicem
689 2885 816 2937 tantum
849 2866 1103 2955 progressionem

62 2974 197 3039 indicat.
242 2971 294 3038 (ii.
317 2989 388 3038 not.
411 2975 479 3038 crit.
501 2973 541 3036 ad
563 2993 592 3047 t,
612 2988 645 3045 2,
664 2986 698 3052 5.
721 2993 792 3058 pag.
814 2985 883 3052 ¹⁰5
899 2970 940 3054 sq.
993 2972 1103 3055 Quare

62 3074 220 3141 Hebudee
240 3088 273 3139 et
294 3076 479 3139 Haemodae
503 3076 679 3158 diaerepare
704 3075 873 3144 videntur,
906 3072 963 3137 etsi
990 3071 1105 3135 Noster

64 3174 145 3243 solae
164 3191 323 3243 memorat
338 3177 536 3248 Haemodae,
564 3177 768 3241 Ptolemaeua
785 3192 819 3248 a,
840 3192 872 3239 e.
895 3173 973 3249 solae
996 3170 1107 3235 Hebu-

66 3280 138 3353 dea,
166 3280 255 3342 unde
269 3280 368 3341 etiam
382 3278 547 3343 Salmasius
562 3298 590 3342 c.
608 3277 631 3341 l.
651 3279 777 3342 eaedem
794 3289 896 3361 putat.
935 3276 1011 3339 lllae
1022 3273 1109 3337 ultra

65 3378 275 3452 Hiberniam,
304 3381 365 3442 hae
389 3380 468 3442 eirea
490 3380 693 3443 Germaniam
716 3381 792 3442 citra
810 3380 912 3442 linum
934 3366 1108 3444 Codanum
1181 3433 1184 3438 .

66 3483 266 3566 quaerendae
292 3480 332 3544 ab
357 3480 535 3545 Orcadibna
560 3481 717 3564 profecto.
778 3481 828 3542 lbi
854 3499 932 3543 vero
956 3493 989 3542 at
1010 3476 1111 3541 hodie

67 3586 190 3651 multae
212 3582 286 3647 sunt
307 3581 446 3656 insulae,
480 3595 513 3646 et
528 3585 608 3645 olim
627 3584 746 3646 multae
759 3579 848 3645 inisse
868 3601 907 3644 ex
920 3578 1109 3667 Ptolemaeo

70 3702 104 3759 2.
125 3706 184 3771 aa.
200 3686 414 3771 intelligitur,
440 3685 495 3766 qui
518 3699 539 3763 3
555 3685 718 3748 Saxonum
733 3682 848 3747 insulae
863 3697 898 3744 et
914 3682 1037 3745 illaesae
1053 3698 1112 3743 no·

68 3790 183 3853 minat.
235 3787 307 3853 Illae
325 3787 457 3851 Cluver.
473 3785 508 3847 in
524 3787 635 3851 Germ.
650 3800 717 3850 ant.
736 3799 769 3864 5,
786 3798 845 3865 23.
871 3780 930 3846 ubi
943 3783 984 3845 de
1002 3780 1112 3871 insulia

70 3892 209 3979 omniuo
225 3887 381 3972 exposuit,
399 3886 536 3970 adpellat
549 3889 583 3951 h.
595 3885 727 3958 stratio,
744 3876 861 3977 Busan,
877 3883 990 3966 Helige
1002 3879 1113 3947 Laud

69 3990 293 4057 Danokwertlr
308 3992 343 4055 in
355 3988 484 4055 Besohr.
499 4009 566 4054 von
585 3989 762 4075 Subleawig
774 4007 807 4052 u.
824 3984 1112 4069 Holsieiup.147,

72 4090 276 4192 Bydarssedt,
289 4082 485 4189 Everscsrep,
501 4104 537 4158 et
552 4088 697 4159 Utlrolm.
715 4087 902 4176 beboening
914 4084 1116 4175 p.-165.e.l.
