2558 4606
182 391 224 463 μ
310 349 313 355 ’
455 371 617 433 noran
656 366 984 436 axuoarrcaa.

183 565 297 619 contra
318 547 446 616 Celsum
467 568 498 613 t.
518 569 551 630 p.
569 559 651 628 535.
668 548 710 611 Τ.
730 567 762 613 r.
783 546 864 633 ¹(ed.
877 548 918 612 dc
932 548 962 610 la
975 541 1082 630 uua.)
1124 544 1230 609 Multa

188 671 298 720 autern
313 649 468 714 tradidisse
481 651 542 722 ait,
568 651 713 714 Iudaicae
727 651 878 736 religioni
894 651 1041 714 finitima.
1150 674 1154 687 ¹

267 853 481 936 meliores)
531 854 715 918 Fortiorer.
750 854 802 917 Sic
816 854 930 917 Liriur
949 870 980 924 o.
999 852 1057 931 5¹·
1077 864 1112 932 5.
1132 850 1234 913 melio·

193 978 257 1024 rent
271 958 409 1026 militem,
425 968 549 1038 recepto
562 954 699 1050 pustino
712 942 840 1027 animo.
851 947 1015 1046 insutum
1029 954 1175 1035 praemia
1189 953 1236 1015 aad

193 1072 351 1122 certamen
366 1050 466 1147 fecit.
498 1058 561 1118 'Et
586 1057 626 1118 sic
651 1054 790 1139 saepius,
824 1058 921 1118 utin
945 1055 1072 1119 Graecia
1095 1050 1234 1139 ἁγαθός.

193 1163 282 1225 Hinc
315 1178 392 1223 vero
428 1160 539 1221 Horat.
555 1172 594 1238 .5.
616 1159 670 1221 od.
693 1167 748 1237 14,
768 1169 828 1239 49.
859 1178 924 1220 non
957 1178 1079 1238 paverat
1110 1148 1238 1247 funere

64 1333 67 1338 ,
198 1262 324 1334 Gallia,
363 1260 420 1323 ubi
439 1263 519 1344 'lani
543 1261 623 1323 alioe
653 1274 829 1334 memorat;
864 1279 904 1323 ex
929 1278 995 1343 quo
1020 1259 1168 1343 adparet,
1203 1261 1238 1321 iu

194 1364 315 1450 vulgae
338 1359 497 1446 proluisse.
621 1409 623 1413 ,

274 1520 493 1646 aeternus)
537 1565 647 1650 Quod
669 1564 755 1627 haud
784 1565 883 1628 dubie
905 1564 1016 1647 aliquio
1039 1563 1239 1649 Pythagorae

199 1665 370 1750 discipulus
387 1668 452 1728 illic
465 1663 693 1736 disseminavit.
717 1668 850 1749 perinde
866 1681 903 1727 ut
916 1664 1035 1729 sactum
1049 1666 1239 1735 in'shraoia.

200 1768 252 1832 sed
266 1770 350 1851 quod
366 1768 486 1849 ubique
501 1763 633 1850 pessime
646 1767 888 1830 illustraverunt.
913 1788 938 1830 1.
952 1767 1237 1837 ononovrvaM-l.

69 1863 71 1866 ⁵
198 1869 416 1956 Pythagoram
433 1884 543 1931 'tamen
567 1867 670 1951 ipsum
692 1870 727 1930 in
743 1870 844 1930 Gallia
863 1890 882 1932 a
901 1870 1035 1931 Druidir
1060 1868 1239 1931 doctrinam

200 1992 314 2039 eorum
336 1990 479 2033 arcanam
500 1969 687 2054 percepisse.
720 1984 807 2053 patet
825 1992 865 2034 ex
889 1972 1068 2033 Alexandro
1091 1971 1132 2031 de
1151 1971 1239 2049 Sym·

198 2073 284 2136 holir
317 2073 536 2156 Pythagoricis
567 2073 653 2154 apud
680 2071 842 2138 Clamant.
868 2073 956 2134 Alex.
984 2074 1104 2136 Strom.
1129 2070 1188 2137 lib.
1208 2088 1238 2135 a.

200 2193 234 2256 p.
254 2188 337 2253 531.
359 2173 489 2252 (Sylb.)
513 2185 545 2232 et
561 2172 703 2255 Origene
725 2187 834 2236 contra
855 2173 937 2237 Cels.
958 2193 1031 2237 r.·c.
1048 2175 1070 2235 l.
1097 2192 1239 2254 quorum

201 2275 393 2337 testimoniis
410 2274 526 2334 nititur
543 2273 663 2334 Martin
683 2258 716 2357 p.
733 2286 817 2339 aeos.
843 2276 896 2346 ita,
921 2288 959 2336 ut
974 2294 1044 2337 eam
1060 2274 1239 2337 doctrinam

200 2376 339 2439 omnino
365 2374 403 2435 ab
430 2375 596 2458 Aegyptiia
628 2388 768 2457 repetat;
812 2374 1104 2460 Metempsycholin
1132 2390 1240 2439 tamen

202 2479 328 2560 optime
351 2494 390 2537 ex
419 2476 505 2538 Mela
531 2473 660 2537 refutari
680 2490 713 2539 et
740 2480 869 2562 coargui
894 2478 1049 2540 existimat
1069 2496 1110 2539 ex
1134 2478 1240 2541 verbio

199 2579 288 2641 velut
309 2598 374 2637 una
391 2579 526 2646 victuri.
564 2591 597 2637 et
618 2598 697 2660 quae
718 2579 758 2640 de
780 2579 874 2640 rebus
893 2582 929 2639 in
950 2598 1066 2663 rogum
1087 2560 1242 2642 conlectio

130 2714 149 2754 g
198 2693 376 2742 narrantur.
425 2677 549 2740 ,Contra
564 2678 721 2763 Origenes
738 2681 772 2740 in
792 2678 905 2762 philos.
930 2701 956 2744 c.
974 2699 1007 2744 α.
1024 2694 1057 2742 et
1074 2688 1134 2759 25.
1150 2682 1241 2761 dicit,

158 2865 163 2873 „
197 2781 384 2850 Zarnolxin,
408 2778 615 2863 Pythagorae>
631 2777 776 2867 οἰκέτην,
799 2781 942 2844 'Druidae
955 2783 1156 2866 Pythagorae
1171 2783 1241 2867 phi·

196 2881 376 2964 losophiam
408 2880 564 2954 docuisse,
599 2895 633 2944 et
662 2883 827 2950 Diodorus
844 2895 877 2960 5,
899 2895 958 2961 28.
986 2884 1026 2945 de
1048 2884 1242 2947 vanimorum

199 2981 394 3069 migratione
424 2981 837 3069 opiniorrernPythagorae
867 2987 955 3068 apud
981 3005 1037 3048 eoa
1063 2984 1239 3051 invaluisset

196 3083 252 3149 Cf.
265 3086 305 3147 de
319 3103 354 3145 ea
370 3085 431 3146 lul.
442 3083 529 3147 Caes.
541 3086 580 3145 de
591 3082 628 3144 B.
639 3082 679 3146 G.
694 3104 721 3146 c.
738 3086 760 3148 l.
783 3099 817 3145 et
831 3086 876 3146 ibi
892 3087 1052 3157 Davisius,
1074 3088 1195 3151 Lucan.
1211 3106 1240 3157 r.

197 3197 275 3267 454
292 3186 354 3268 sqq.
375 3186 444 3256 alii,
472 3199 506 3248 et
525 3203 607 3266 quae
626 3205 665 3247 ex
683 3188 912 3251 recentioribus
928 3174 1118 3251 omninode
1135 3189 1241 3253 Gallo·

95 3302 98 3315 ¹
198 3307 274 3349 rum
297 3288 453 3371 religione
480 3285 696 3348 disseruerunt
726 3289 824 3350 Fenel
848 3303 881 3350 et
907 3290 1016 3369 Freret
1045 3291 1080 3350 in
1101 3290 1241 3353 Moruni>

197 3409 248 3463 res
264 3423 316 3435 -
337 3389 377 3449 de
390 3387 478 3448 ‘llarie
491 3389 532 3450 T.
548 3398 607 3468 24.
623 3409 655 3471 p.
668 3391 739 3468 562
757 3387 819 3471 sqq.
837 3405 870 3450 et
886 3403 958 3470 389
969 3390 1032 3474 sqq.
1073 3391 1131 3453 Ille
1149 3406 1242 3475 putat

197 3510 270 3574 pag.
288 3491 378 3565 366.
390 3488 512 3556 Melam
533 3510 573 3550 ex
588 3490 810 3554 Romanorum
831 3492 992 3577 theologia
1015 3493 1098 3554 male
1119 3516 1268 3569 uiantes..

196 3611 278 3673 quoe
289 3590 395 3653 Gallos
411 3589 564 3676 ignoralle
581 3611 621 3652 err
637 3593 766 3655 Lucano
782 3615 811 3662 r.
822 3603 907 3675 453.
925 3597 1065 3656 maxime
1080 3595 1241 3676 adpareat,

197 3691 401 3755 admiscuisse.
444 3693 505 3753 Hio
521 3712 635 3754 eorum
648 3693 936 3775 metempsychosin
951 3708 1064 3780 negat,
1088 3710 1121 3758 et
1136 3698 1238 3782 regios
1254 3722 1259 3733 ¹

196 3814 274 3856 nem
294 3791 472 3855 animarum
493 3794 685 3876 alteramque
710 3797 810 3855 vitam
829 3797 1053 3879 postmortem
1075 3798 1240 3860 credidisse

194 3908 306 3980 putat..
323 3897 373 3956 De
387 3896 623 3957 immortalitate
639 3898 817 3958 animarum
833 3900 951 3960 credita
967 3896 1006 3961 es.
1020 3899 1117 3960 etiam
1127 3900 1238 3984 Papon

129 4030 135 4042 =
194 3991 324 4082 hilbde
341 3997 507 4059 Provence
521 3997 568 4061 Τ.
590 4016 621 4061 a.
643 3997 681 4061 P.
698 4013 731 4061 2.
749 4018 782 4082 p.
799 4009 872 4082 485
888 3999 952 4084 sqq.
1062 4031 1065 4035 ⁴
