2558 4606
254 306 310 365 tat
340 272 475 369 noua.
507 311 613 367 utut.
656 312 765 369 unt.
808 313 901 369 cu.
943 311 1022 389 Μ.
1128 303 1170 387 ab

122 477 254 545 caetere
290 478 437 543 subactas.
484 479 520 542 ln
549 484 663 545 Tacito
685 485 768 549 Anu.
787 499 819 562 3.
844 494 904 568 44.
921 486 968 548 iu.
993 484 1165 547 Galliarum

123 583 170 660 64
193 584 343 645 civitatee
372 580 531 645 desciuille
557 587 687 669 legitur,
725 600 758 647 et
781 589 815 647 iu
838 587 981 669 Appiano
1001 607 1030 649 c.
1048 587 1070 648 l.
1091 586 1163 667 pluo

120 704 216 765 quam
236 687 310 761 8⁰0
336 684 429 745 urben
451 700 564 766 captae.
603 685 647 750 Cf
672 685 793 768 Lipllut
808 700 840 749 et
857 687 980 751 Etnelll
1001 688 1040 750 ad
1056 686 1164 759 Tacit.

119 805 146 847 c.
166 786 192 846 l.
232 786 399 869 Quantum
421 787 629 849 abundaverit
648 790 815 850 homiuum
836 788 1026 871 frequentia,
1052 808 1093 851 ex
1114 809 1160 851 at·

119 886 211 949 matio
238 888 444 970 intelligitur,
480 908 560 970 quos
584 892 616 950 iu
636 890 753 950 bellum
775 891 879 952 utilius
898 874 1162 972 'passtmluarranl

117 1003 279 1054 auctotea.
313 1006 482 1070 captotque
503 1004 535 1051 et
556 989 659 1053 melos
676 993 825 1075 producit
840 1008 913 1055 cum
930 994 1076 1083 Appiano
1090 1013 1118 1058 c.
1133 992 1161 1057 l.

117 1090 175 1151 lul.
196 1087 310 1151 Caesar
323 1091 362 1151 de
377 1091 414 1152 B.
431 1091 564 1156 Gallico.

189 1291 464 1374 ingentibus)
516 1294 651 1356 Perinde
673 1308 709 1355 ut
729 1296 880 1374 Scythae,
915 1310 1077 1380 tamquam
1095 1297 1159 1372 hot

113 1408 224 1461 natura
259 1396 341 1475 quali
377 1394 516 1476 posuerit
549 1400 717 1479 praecipue
741 1399 781 1458 ad
816 1400 970 1460 tettuiuoe
995 1400 1155 1484 gentium.

112 1514 191 1577 quoa
215 1517 380 1577 uunquam
404 1498 541 1580 legimus
562 1500 596 1559 iu
619 1500 677 1559 hac
701 1498 799 1560 Gallia
828 1513 986 1578 namatus,
1019 1500 1154 1584 petiutlo

113 1609 148 1661 ut
161 1617 268 1678 neque
286 1601 320 1659 iu
339 1598 478 1675 Scythia.
511 1618 536 1662 1.
554 1580 750 1663 o'nouovtvt
766 1600 843 1665 MS.

186 1801 399 1885 Aquitani
407 1800 440 1883 )'
487 1801 542 1864 Gt.
571 1793 755 1866 ’Attuitocoi
780 1816 812 1867 et
835 1794 1039 1869 'Aaouitovoi
1065 1804 1164 1886 apud

111 1902 259 1965 strabon.
281 1904 325 1967 in.
359 1903 414 1964 etfi
436 1903 499 1964 boc
515 1902 633 1986 laepiue
647 1919 680 1966 et
700 1904 775 1965 iude
798 1900 990 1989 ’Δκουϊτανὴ
1009 1899 1096 1990 μερὶς
1112 1914 1148 1983 4.

110 2024 139 2084 p.
155 2019 238 2081 132.
259 2003 280 2067 l.
298 2018 379 2085 19'1.
407 2005 588 2086 Stephanuu
608 2002 794 2076 Ἀκυτανία,
819 2021 855 2066 ut
872 2005 1022 2067 Marcion.
1040 2025 1073 2085 p.
1089 2005 1150 2082 46.

112 2103 212 2167 liudi.
263 2105 393 2168 Nomen
420 2107 567 2190 accepitle
599 2122 731 2188 putuit,
766 2108 868 2168 veluti
901 2108 1083 2169 llatduiuua
1108 2106 1149 2169 ad

111 2207 193 2267 Ptin.
211 2223 246 2289 4,
271 2221 329 2286 33.
354 2207 449 2288 [19.
471 2209 509 2269 ab
530 2211 621 2290 aquus
633 2201 834 2299 Jolttbribus;
863 2209 932 2279 vel.
956 2222 994 2271 ut
1014 2209 1082 2278 alii.
1108 2208 1149 2271 ab

112 2310 204 2392 cottis
222 2306 409 2377 Tarbellica.
434 2330 509 2390 quaa
526 2310 709 2394 adtingebat
726 2304 826 2393 tegio.
863 2312 936 2373 Vid.
950 2311 1147 2373 Oihenartua

110 2412 140 2471 iu
161 2413 262 2471 notit.
280 2409 448 2493 Vaseoniae
466 2429 498 2489 5,
520 2424 555 2491 4.
574 2434 605 2492 p.
621 2411 706 2489 469.
734 2411 838 2472 Surita
858 2427 890 2474 et
902 2411 1092 2496 'Welleling.
1109 2410 1149 2473 ad

110 2514 228 2573 dolon.
245 2509 318 2573 itin.
337 2514 465 2594 p.456.
489 2532 527 2572 cx
542 2514 647 2575 Plinio
662 2527 697 2590 4,
716 2526 773 2588 33.
792 2511 811 2575 l.
834 2526 888 2592 19'.
918 2527 976 2588 3¹,
999 2526 1032 2576 Ω.
1059 2512 1147 2573 Vale-

112 2611 169 2675 liua
186 2614 220 2675 iu
237 2615 332 2674 notit.
352 2614 475 2675 Galliac.
494 2635 563 2698 pag.
581 2630 645 2701 32.
658 2615 793 2676 omniuo
810 2613 848 2675 ab
871 2617 957 2695 aquit
974 2612 1148 2675 salubribus

101 2733 230 2787 nomeu
251 2706 390 2796 petitum
410 2716 468 2777 elle
484 2729 585 2796 putat.
639 2717 740 2800 Negat
769 2729 872 2776 tamen
891 2717 1008 2778 lilattin
1025 2717 1057 2775 in
1075 2714 1146 2777 httt.

109 2817 162 2878 dee
189 2817 460 2898 Gauleap.15o.
482 2838 664 2898 nomenque
687 2818 746 2878 toti
770 2820 858 2901 genti
882 2819 1021 2879 inditum
1044 2817 1146 2879 credit

108 2937 123 2977 a
142 2919 267 3000 populo
289 2916 378 2978 illiue
400 2921 555 3003 regionis,
580 2940 673 2999 quate
690 2934 722 2978 et
738 2919 862 2980 Plinius
875 2939 901 2980 c.
920 2920 942 2980 l.
967 2919 1067 2988 dicat,
1099 2938 1146 2979 ro·

107 3022 196 3102 gioui
213 3019 253 3081 ab
271 3020 434 3100 Aquitania
450 3040 570 3081 nomeu
588 3021 772 3104 impolitum
794 3017 894 3080 suillo.
946 3019 1018 3082 Alio
1039 3021 1146 3080 tamen

107 3121 179 3183 loco
198 3143 232 3204 p.
249 3131 310 3196 [μ.
334 3121 475 3183 Latinam
490 3117 580 3181 'illam
598 3141 709 3182 vocem
724 3135 809 3183 tecte
826 3121 982 3183 existimat
1001 3132 1033 3181 et
1052 3120 1147 3181 Galli·
1274 3132 1277 3137 '

108 3242 177 3285 cam
202 3217 320 3283 referre
341 3225 537 3291 Ανηιονίσαο,
571 3236 606 3282 ut
628 3236 720 3284 antea
741 3223 892 3304 adpellata
914 3221 958 3284 cll
980 3223 1148 3302 aquitania

107 3322 165 3395 [oc.
181 3313 330 3385 'Plinium'
345 3334 381 3401 4,
398 3337 455 3403 δι.
473 3322 494 3385 l.
515 3338 568 3396 17.
585 3324 623 3385 ab
639 3345 677 3384 ar
692 3345 760 3386 tuor
781 3326 802 3386 i.
816 3343 845 3385 ο.
863 3344 958 3411 mate,
976 3319 1036 3399 (cf.
1053 3323 1149 3384 d'llu·
1246 3378 1249 3386 .

108 3427 185 3499 tillo
202 3427 310 3486 notice
327 3425 367 3487 de
386 3424 414 3485 la
429 3425 528 3508 Gaule
543 3447 574 3506 p.
599 3446 640 3487 10
647 3429 699 3503 3.)
726 3425 813 3488 uude
830 3425 960 3507 quidem
978 3421 1148 3489 difficultat
1244 3502 1246 3515 .

108 3528 222 3599 oritur,
249 3526 338 3608 quod
351 3546 450 3590 noluo
465 3543 586 3609 practer
601 3526 744 3595 Plinium
760 3526 793 3587 id
811 3528 963 3598 adfirmat,
987 3543 1149 3588 atomuet

109 3629 191 3702 lutet
224 3630 369 3713 Ligerim
402 3642 528 3711 pouuut
558 3643 592 3688 et
621 3628 810 3708 Sequanam.
867 3629 936 3690 Viti.
967 3624 1149 3691 Mattlu'iu

110 3730 176 3802 dili.
194 3748 230 3794 Ω.
248 3728 270 3792 f.
287 3748 315 3793 c.
333 3731 354 3792 l.
391 3743 425 3791 et
450 3731 505 3810 qui
532 3728 627 3790 lttfiue
653 3729 715 3792 hoc
740 3742 913 3792 tractarunt
937 3728 1149 3793 Cellaciuaiu

112 3833 230 3918 Geogr.
245 3836 310 3893 aot.
330 3848 365 3902 o.
384 3846 417 3900 o,
435 3833 492 3909 56.
516 3847 548 3893 et
565 3826 725 3895 ‹t’lnt-itte
742 3848 819 3915 μγ.
836 3851 863 3895 c.
879 3830 901 3895 l.
925 3831 980 3894 etii
999 3830 1052 3894 bic
1067 3826 1149 3901 diffi-

110 3934 260 3997 cultatem
279 3951 348 3994 nou
364 3934 490 4018 adtigit,
516 3931 569 3996 led
586 3932 767 4016 simplicitet
782 3946 889 4016 putat,
914 3932 1009 3996 litum
1024 3918 1167 4015 retpuni

109 4035 182 4103 dero
198 4037 276 4102 voci
294 4034 445 4100 Celticae.
484 4035 544 4120 tpfi
561 4035 651 4120 genti
668 4035 828 4122 originem
845 4055 863 4099 a
881 4035 977 4100 Gallio
992 4031 1149 4097 diversam
