2558 4606
187 302 263 441 ,ern
365 440 401 453 ,Ι
467 356 629 423 nomn
666 356 973 457 axaourrem

187 530 280 603 ¹lacit
294 535 329 612 6,
349 543 408 614 54.
424 530 448 597 l.
470 550 527 616 29.
552 529 812 607 aPtolemaide,
837 528 1038 618 cognomine
1052 528 1242 619 Epitheton.

194 633 319 705 Azarria
343 650 472 709 autem,
511 634 602 697 uude
624 650 811 708 vocatum,
835 633 946 700 vicina
973 634 1018 697 est
1040 632 1242 721 Aethiopiae

194 736 288 823 regio
314 737 496 802 secundum
519 738 745 800 Ptolemaeum
764 748 800 817 4,
822 744 855 815 8.
898 734 956 824 qui
976 748 1011 817 4,
1037 752 1070 815 7.
1095 738 1241 822 adpellat

194 860 289 905 mare
302 834 519 903 Barbaricum
536 839 578 901 ad
593 841 736 923 Raptum
751 836 1019 923 promontorium
1032 835 1247 923 pertingent,

194 957 230 1005 et
250 943 352 1004 rubro
373 937 456 1003 mari
476 935 627 1007 vicinum
649 938 747 1015 facit,
777 936 828 1004 uti
845 962 1047 1025 pernexum
1067 956 1102 1003 et
1122 939 1240 1005 seriem

192 1039 335 1109 Plinius.
385 1042 435 1104 Ab
453 1044 552 1105 altera
573 1058 666 1127 parte
681 1038 844 1106 orientem
856 1042 968 1105 versuo
983 1044 1240 1118 marerubrum,

181 1144 285 1233 -quod
309 1144 349 1206 ab
374 1157 517 1228 utroque
543 1146 612 1206 sinu
636 1144 821 1228 separatum
849 1141 1005 1208 describit
1025 1145 1240 1211 Ptolemaeua

191 1249 231 1320 6,
255 1260 289 1323 7.
321 1241 412 1307 idem
434 1242 604 1326 connectit
621 1247 655 1319 6,
674 1255 708 1323 8.
730 1243 777 1309 in.
803 1268 881 1310 curn
906 1248 976 1307 sinu
1000 1242 1179 1309 Carmanio
1206 1260 1241 1309 et

190 1346 274 1413 binc
289 1367 368 1410 curu
381 1343 466 1408 mari
481 1344 615 1421 Indico,
642 1344 679 1408 in
698 1368 765 1433 quo
782 1344 881 1410 etiem
901 1343 1024 1411 insulas
1039 1344 1239 1413 Carmaniae

191 1446 380 1514 adiacentes
401 1463 490 1511 extra
513 1451 618 1511 smum
637 1438 801 1513 Persicum
816 1446 923 1537 ponit.
976 1446 1106 1512 Plinius
1120 1451 1157 1523 6,
1177 1460 1236 1527 ee.

189 1552 213 1616 s.
232 1566 287 1631 23.
312 1551 450 1613 rubrum
470 1571 560 1613 mare
577 1552 688 1614 versus
704 1547 869 1614 orientem
886 1572 904 1614 a
923 1551 994 1617 sinu
1008 1552 1137 1615 Persico
1151 1548 1236 1613 inci-

176 1650 260 1740 ·pit,
295 1648 332 1714 in
358 1671 460 1736 quem
483 1648 656 1735 irrumpat
708 1654 758 1716 Ita
781 1671 880 1726 vero,
911 1649 990 1739 quia
1017 1649 1236 1717 Carmaniun

188 1774 281 1819 mare
304 1750 449 1836 ignorat,
476 1749 680 1837 coniungere
702 1750 837 1817 videtur
853 1774 931 1839 cum
950 1751 1033 1815 mari
1054 1750 1191 1827 Indico.
1216 1774 1247 1831 ax

189 1871 257 1943 quo
279 1852 381 1916 etiam
402 1852 495 1933 rubri
512 1852 613 1917 maris
635 1852 796 1919 terminos
812 1860 854 1921 ad
874 1855 1033 1920 recessum
1055 1856 1143 1919 sinuo
1159 1858 1235 1919 Ara·

187 1955 275 2031 biri,
301 1954 484 2040 Procopius
499 1957 540 2019 de
555 1959 593 2019 B.
611 1958 737 2021 Persico
756 1978 786 2029 ι,
809 1976 863 2038 ι9.
887 1959 927 2021 ab
941 1954 1059 2021 Indico
1074 1955 1161 2021 mari
1181 1978 1235 2021 ex·

186 2056 297 2125 tendit
314 2058 356 2119 ad
374 2056 504 2121 Arabici
519 2061 603 2120 smus
618 2057 755 2121 intimos
773 2058 921 2122 receffua.
949 2055 1094 2123 Subiicit
1108 2074 1233 2134 tamen,

186 2158 262 2225 aliis
283 2160 424 2221 rubrum
438 2180 530 2221 mare
545 2156 627 2236 dici,
654 2160 745 2246 quod
760 2174 850 2223 extra
865 2162 970 2222 smum
983 2157 1165 2223 Arabicum
1182 2158 1234 2224 in·

185 2258 290 2346 cipiet
312 2261 352 2322 ab
375 2258 593 2345 Aethiopibus
614 2258 811 2324 Auxomitie.
863 2259 991 2324 Latiori
1014 2262 1107 2323 sensu
1127 2259 1234 2326 Arria,

185 2384 251 2429 nue
272 2359 309 2422 in
331 2357 460 2445 periplo
476 2383 568 2427 mare
590 2363 730 2424 rubrum
750 2357 910 2447 intelligit
925 2379 958 2425 et
978 2360 1143 2427 describit.
1179 2366 1233 2427 In-

184 2461 271 2549 cipit
287 2460 377 2525 enim
392 2464 432 2525 ab
448 2461 588 2548 Aegypti
608 2479 708 2547 portu
727 2460 824 2541 Μυός
840 2458 949 2555 ὅρμῳ,
976 2461 1035 2551 qui
1050 2460 1094 2527 est
1110 2462 1147 2527 in
1161 2466 1233 2535 sinu

184 2562 344 2640 Arabico,
380 2580 415 2626 et
439 2562 672 2651 complectitur
690 2562 771 2640 inde
793 2565 922 2653 reliqua
945 2585 963 2628 a
989 2563 1074 2627 mari
1100 2563 1230 2632 Iudico.

183 2668 280 2743 Idem
294 2681 406 2736 tamen
423 2664 458 2728 in
472 2664 597 2729 lndicis
615 2665 784 2751 separatim
799 2665 899 2752 ponit
911 2663 1089 2747 Arabicum
1114 2670 1231 2742 smum,

184 2790 285 2859 quern
308 2765 435 2831 Oceani
459 2766 538 2832 sacit
562 2789 632 2852 cap.
652 2781 713 2851 43.
738 2767 784 2833 in.
821 2771 914 2831 etfia
937 2772 1006 2830 linu
1028 2768 1170 2839 Arabico
1192 2767 1230 2835 in

182 2892 273 2935 mare
288 2870 426 2935 rubrum
443 2868 610 2954 perveniri
628 2871 736 2955 postea
755 2867 878 2935 scribit.
917 2871 967 2934 Ad
981 2890 1074 2933 mare
1088 2872 1228 2939 rubrum

181 2971 280 3062 ponit
296 2972 424 3037 Perfida
446 2994 516 3058 cap.
533 2984 592 3054 4ο.
620 2975 726 3037 6ηιιιιι
741 2972 907 3037 l’ersrcum
928 2972 1000 3057 post
1014 2971 1229 3039 Carmaniam

181 3096 254 3161 cap.
272 3084 334 3148 27.
386 3075 435 3136 Ab
451 3072 504 3137 hie
519 3072 674 3155 omnibus
691 3074 816 3158 separat
833 3094 925 3136 mare
941 3071 1108 3136 Indicum
1120 3094 1149 3140 c.
1169 3094 1225 3145 ao.

179 3178 274 3241 Mare
291 3172 394 3261 igitur
409 3178 628 3255 Erythraeum
645 3174 691 3239 ibi
710 3176 780 3260 poll
797 3178 901 3238 smum
918 3175 962 3238 est
975 3177 1140 3253 Persicum
1153 3163 1227 3243 'irer-

179 3279 232 3343 sus
255 3276 396 3342 Indiam.
445 3279 510 3339 Sed
538 3299 575 3339 ea
602 3278 669 3340 lere
693 3298 734 3339 ex
754 3274 898 3340 Nearchi
922 3275 1081 3341 sententia
1110 3278 1225 3353 resert,

179 3402 292 3469 qua.
260 3402 292 3445 ε,
279 3379 360 3441 iam
378 3377 542 3460 Organa
519 3402 568 3440 ιιι
572 3380 652 3451 suln,
676 3375 712 3440 in
729 3400 792 3465 qua
810 3381 966 3459 Erythras
983 3378 1155 3463 regnavit,
1182 3370 1233 3445 ad⁸

178 3480 391 3546 Carmaniam
421 3478 581 3565 ponitur,
619 3496 652 3543 et
679 3502 774 3543 mare
803 3478 953 3543 ricinum
988 3480 1068 3543 inde
1101 3478 1226 3581 ipo-spo*

176 3577 334 3651 θάλασσα
368 3581 554 3647 incolarum
589 3580 775 3644 testimonio
810 3568 938 3645 dictum
971 3599 1048 3646 erat.
1111 3586 1161 3647 Ita
1190 3598 1223 3649 et

178 3682 514 3765 Curtiusss,9,·14.
542 3684 653 3747 verus
678 3681 809 3747 Indiam
834 3680 919 3746 illud
944 3680 1089 3749 reiicit.
1110 3684 1162 3751 Cs.
1186 3696 1222 3763 33

181 3806 215 3860 a,
228 3806 268 3881 9.
295 3783 355 3849 ubi
371 3784 583 3859 Bactrianos,
605 3783 798 3898 Sogdianos
820 3800 853 3847 et
876 3784 1025 3848 lndos'
996 3808 1069 3847 e1us
1091 3776 1223 3849 accolae

174 3886 276 3962 iacit,
304 3902 338 3951 et
357 3909 423 3957 ιο,-
434 3912 465 3962 ι,
486 3901 547 3965 ι5.
592 3889 640 3949 Ita
663 3882 765 3949 etiam
784 3886 902 3949 diserte
923 3885 1117 3967 Liviu845,
1122 3909 1169 3987 9,
1182 3890 1220 3952 ’6.

172 3989 237 4065 ubi
257 3992 358 4076 plura
373 3986 573 4054 indicabunt
591 3987 655 4055 viri
677 3987 796 4053 docti.
829 3986 963 4078 Dionys.
984 4012 1015 4051 v.
1037 4000 1093 4069 33
1116 4006 1220 4073 prope

175 4090 331 4161 Indicum
348 4092 391 4155 ad
412 4093 555 4159 rullrum
569 4089 667 4179 ponit
684 4092 905 4189 Erythraeum
921 4106 955 4157 ot
968 4088 1216 4217 Aetbiopicum.
