2558 4606
185 336 241 397 nt
268 336 545 397 nontamen
584 337 701 398 Lm.
744 336 835 399 (tv.
879 343 957 414 Η.
1035 340 1095 416 172
1223 370 1227 379 ·

46 530 179 583 novare
195 509 270 575 MS.
295 530 325 575 r.
365 508 486 596 Nigroe
498 511 605 575 llatuit
618 498 754 583 Voffiue,
774 510 862 575 nnrle
875 525 970 595 patet,
994 510 1096 577 tnrer⁴

48 610 193 679 tiffimoe
223 610 313 677 mitte
345 610 405 675 hoe
435 612 585 676 homiuee
609 610 751 696 respectu
775 612 856 677 sedie
888 608 920 676 et
949 615 1096 698 originie.

49 735 235 801 quern-per
255 713 366 778 'omnia
386 713 480 777 litora
502 706 623 778 Oceani
639 715 858 779 Meridionalie
878 714 917 785 ab
934 716 1027 779 Irulia
1044 734 1106 791 tre-f

50 837 118 904 que
133 816 175 880 ad
186 816 351 891 ¹ultimum
369 817 545 879 terminum
558 814 685 911 ¹ti'sricue
702 819 778 881 talea
797 814 926 880 suerint.
962 836 988 884 1.
1011 836 1099 881 oao-

52 938 185 985 uovtvt
203 917 281 983 MS.
296 933 338 985 aq
391 919 441 979 De
464 919 566 987 veria.
598 918 664 982 slve
691 920 832 983 Afinticie
853 920 1000 1001 plerique·
1019 919 1101 981 eceli.

53 1025 155 1109 piunt
176 1038 309 1088 eorum.
333 1018 390 1106 ¹qui
414 1020 479 1081 iam
499 1020 578 1084 olim
603 1034 711 1082 totum
729 1021 1016 1084 terrarum-orbem
1038 1017 1099 1082 cir·

54 1123 323 1207 oamnavigaturu
338 1120 464 1183 volunt.
503 1121 632 1206 Quibus
647 1121 738 1185 facile
752 1122 884 1207 largior,
907 1142 973 1185 non
997 1122 1107 1193 modo*

57 1224 186 1289 Melam
199 1223 427 1305 Pliniumque.
454 1220 625 1285 sedetiam
648 1222 827 1305 Nepotem,
853 1223 1022 1306 ipsumque
1036 1221 1101 1286 sor·

56 1324 134 1393 resse
149 1323 319 1388 Metellum
337 1341 394 1387 eoa
411 1335 474 1407 pro
496 1326 581 1387 veria
600 1324 752 1390 habuille.
802 1328 865 1390 Sed
883 1338 920 1387 ut
939 1345 980 1387 ex
996 1327 1109 1389 orien-
1163 1352 1165 1357 ’

56 1428 115 1493 eali
137 1425 246 1496 India,
275 1425 341 1487 siae
359 1444 418 1507 per
439 1425 686 1508 Aethiopicum,
717 1427 800 1498 five.
834 1428 920 1508 quod
942 1429 1102 1509 plerisque

57 1530 185 1617 plaeere
206 1527 322 1597 virleu,
354 1542 412 1610 per
428 1523 716 1609 septemtrionalem
735 1528 902 1591 Oceanum
919 1530 958 1589 ad
973 1530 1103 1591 Germa·
1176 1508 1180 1527 ¹

57 1633 135 1697 niae
148 1628 244 1693 litora
257 1626 414 1717 navigasse
433 1630 569 1702 credam,
592 1629 744 1693 nondum
760 1629 875 1691 adduci
891 1629 1024 1711 pullum,
1047 1630 1105 1715 qui

58 1731 158 1798 sciam
180 1731 278 1797 etiam
296 1728 415 1800 hodie‚‘
441 1743 497 1792 aut
519 1728 726 1814 impossihile.
754 1745 810 1793 aut
829 1728 934 1792 saltem
954 1727 1106 1795 ,difficilli-

59 1852 158 1899 mum
177 1830 259 1904 csse,
287 1850 344 1917 per
367 1827 628 1914 septemtrionem
645 1833 680 1893 in
704 1833 829 1894 indiam
852 1832 1036 1918 enavigar03
1068 1833 1109 1895 in'

59 1933 168 2003 Africa
192 1952 272 1997 vero
296 1933 446 1995 exteriori
471 1953 512 1996 ne
538 1935 635 1995 uniue
661 1935 794 2014 quidem
820 1935 922 1997 litorio
949 1949 1005 1995 aut
1031 1953 1106 2018 pro·
1241 1940 1248 1958 ⁸

62 2036 243 2108 montorii,
276 2047 332 2095 aut
354 2035 490 2105 muntia.
520 2036 641 2097 nedum
663 2034 750 2098 urbia
768 2036 996 2117 provinciaeve
1017 2034 1106 2119 apud
1224 2039 1228 2045 '

63 2140 259 2204 Strabonem
280 2136 402 2199 alioere
420 2151 566 2199 veterum
588 2139 789 2201 mentionem
807 2139 892 2210 fieri;
930 2139 1033 2199 immo
1054 2137 1108 2202 arl-

63 2241 132 2305 huc
155 2236 332 2303 Ptolemaei
354 2250 455 2300 aetate
477 2240 652 2308 creditum,
682 2226 785 2301 Asiam
813 2241 893 2300 ultra
914 2260 1000 2301 mare
1021 2239 1110 2300 Indi·

65 2362 144 2407 cum
160 2339 283 2406 Africae
304 2338 483 2402 cohaerere.
532 2341 701 2404 Corneliae
723 2341 918 2427 Wletllietue
940 2340 1109 2421 (Wytlliet

65 2447 102 2509 in
119 2441 267 2527 descript.
287 2441 500 2505 Ptolemaicae
513 2456 688 2528 augmento
703 2464 735 2527 p.
751 2460 831 2523 ¹9¹·
848 2441 869 2506 s.
886 2445 919 2503 in
936 2444 1013 2519 fin.)
1033 2460 1116 2503 con··

66 2547 187 2613 lleuter
208 2543 348 2625 tenebat,
399 2543 498 2605 lndoe
524 2545 620 2606 hoece
649 2564 717 2607 non
742 2563 782 2606 ex
808 2545 929 2606 ultimie
956 2544 1113 2615 orientia
1222 2566 1225 2571 ·

67 2661 123 2711 aut
140 2645 324 2710 Occidentis
340 2645 491 2726 partibus,
512 2642 564 2708 sed
580 2665 620 2709 cx
638 2646 847 2716 Laboratoria‚
874 2646 1110 2715 Estotilemliee,

68 2763 125 2815 aut
146 2748 263 2812 vicinia
283 2749 373 2809 terrie
389 2744 525 2818 venisse,
551 2766 588 2810 ea
609 2749 741 2830 quidem
757 2749 888 2817 fiducia.
915 2761 952 2809 ut
972 2747 1112 2810 confide·

67 2863 139 2923 ret,
165 2847 272 2912 secum
292 2846 469 2919 sensurum,
503 2850 698 2931 quicumque
719 2850 853 2911 climatie
875 2851 1051 2918 rationem,
1077 2861 1114 2910 et

67 2971 152 3036 quae
167 2952 207 3013 de
222 2950 286 3013 illia
301 2951 392 3012 terrie
407 2963 586 3037 narrantur,
615 2951 812 3033 expenderit.
865 2950 927 3014 Sed
946 2951 977 3012 el
995 2949 1112 3013 obiicit

69 3056 241 3120 Pontanue
269 3052 303 3113 iu
329 3050 424 3114 deser.
456 3051 664 3136 chorograplr.
696 3053 817 3115 Daniee
843 3074 876 3135 p.
899 3053 984 3130 764.
1008 3065 1112 3115 totam

69 3159 162 3237 illam
184 3153 344 3217 borealem
364 3153 490 3239 plagam
514 3155 591 3216 olim
618 3155 678 3216 late
708 3155 851 3236 perviam
873 3155 1044 3222 creditam,
1080 3162 1122 3215 οῖ’
1183 3226 1190 3235 ⁸

70 3259 129 3323 hae
151 3272 249 3319 terrae
269 3275 367 3337 aeque
388 3273 423 3317 ac
445 3256 598 3336 reliquam
613 3256 809 3328 emericum,
839 3255 1001 3317 veteribue
1020 3255 1115 3337 plane

70 3358 252 3445 incognitae
273 3354 373 3419 fuisse.
427 3358 547 3419 Verum
569 3357 625 3420 etii
646 3371 747 3421 terrae
768 3371 822 3419 aut
844 3358 949 3419 nullae
970 3357 1035 3417 illic
1054 3353 1140 3417 elle„

74 3462 301 3542 crederentur,
326 3471 382 3520 aut
402 3459 533 3542 ignotae
552 3458 668 3530 essent,
695 3473 885 3522 nontamen
907 3473 948 3520 eo
970 3456 1116 3527 efficitur,

73 3564 185 3629 nulloe
204 3561 280 3623 inde
302 3561 419 3623 incolae
434 3560 474 3621 ad
495 3559 587 3623 litora
602 3561 789 3624 Germaniae
809 3559 1044 3644 tempestatibus
1066 3559 1118 3620 ab·

73 3668 138 3749 ripi
158 3661 306 3748 potuisse.
368 3661 481 3725 Potina
500 3661 579 3723 illud
605 3663 795 3732 obiecerim.
827 3681 894 3724 non
919 3662 1022 3723 videri
1046 3674 1117 3722 tum
1213 3743 1215 3748 Ι

73 3787 128 3832 eae
142 3767 293 3852 regiones
306 3763 469 3826 habitatae.
502 3780 618 3827 aoerva
632 3765 670 3826 erl
685 3761 900 3849 fragmentum
918 3777 953 3838 ⁶7.
970 3761 1122 3849 Nepotis&

74 3850 162 3935 atri·
175 3867 376 3932 contectum
395 3867 437 3927 oe
459 3863 510 3925 aa
525 3851 615 3928 trien
637 3867 789 3949 proponti
803 3864 979 3929 oenomai
994 3884 1021 3925 a·
1039 3864 1061 3926 t
1083 3874 1121 3925 <u

72 3970 209 4037 taudem
226 3968 263 4029 in
279 3984 321 4034 eo
339 3967 470 4038 definit,
496 3969 586 4048 quod
607 3968 716 4039 omnia
735 3987 815 4033 vana
829 3986 1004 4050 parumque
1021 3962 1125 4051 fruge·
1192 4038 1193 4042 Ἰ

74 4073 141 4140 sera
168 4069 251 4141 else.
284 4089 364 4153 quae
390 4068 456 4131 clici
485 4084 520 4135 et
548 4068 719 4161 exmpiterl
745 4062 882 4157 possent,
917 4069 1118 4153 pronuntiat.
