2558 4606
190 382 248 442 rr
275 383 411 443 rone.
440 382 548 443 nan
589 380 699 443 nm.
737 382 776 445 c
796 369 879 453 vrit,
916 382 996 457 tr.
1052 340 1122 463 ξω

77 554 193 630 Mare,
220 557 308 642 quod
326 570 428 619 rotam
442 558 545 619 Atiam
562 576 580 619 a
596 553 739 620 meridie
754 553 869 631 adluit,
895 559 937 622 fic
954 544 1125 625 veteribrr

82 656 157 723 dici
175 656 348 721 contendit
367 658 533 721 Relandue
548 677 576 722 c.
599 661 620 721 l.
644 660 742 723 Tom.
762 683 790 722 1.
812 679 886 745 pag.
902 662 951 739 65
968 660 1034 747 sqq.
1060 656 1123 727 ubi

83 758 222 823 omnino
246 762 341 844 plura
366 757 521 845 reperiee.
570 756 628 825 Sic
650 756 800 824 latifsstrre
821 760 939 826 Suidaa
952 762 974 826 f.
991 784 1024 826 v.
1044 760 1128 829 'Pur

79 858 187 954 μαίων
209 857 317 949 ἁρχὴ.
352 882 452 948 quarn
475 862 516 924 ad
542 859 706 926 orientem
729 860 852 926 limitea
873 860 1020 926 habuiffe
1040 854 1123 929 dicit

78 962 200 1037 Indue,
225 984 316 1029 mare
336 967 491 1034 rubrum,
516 960 651 1036 Nilum,
675 966 892 1030 catarrhactas
913 981 946 1031 et
964 962 1122 1049 paludem

76 1062 266 1137 Maeotida,
293 1063 536 1151 quod-quidem
556 1068 645 1127 valet
662 1067 704 1129 de
720 1063 891 1151 posteriori
908 1083 1023 1129 aetate.
1071 1068 1125 1135 Ita

79 1168 270 1231 Herodotus
292 1178 328 1245 4,
353 1182 398 1245 37
414 1168 481 1253 sqq.
509 1166 611 1229 ruodo
636 1164 736 1231 latius
762 1168 802 1231 de
829 1165 957 1231 australi
985 1185 1122 1245 oceano,

81 1269 145 1354 (cf.
162 1266 278 1353 snpra)
303 1268 405 1330 modo
422 1266 524 1330 artiua
549 1268 590 1331 de
610 1284 753 1355 utroque
769 1268 840 1332 eius
864 1272 935 1332 finu
954 1267 1125 1359 intelligit.

82 1370 138 1435 CK·
159 1368 202 1431 de
223 1366 315 1431 varia
341 1368 596 1453 fignificatione,
627 1390 709 1457 quoe
729 1386 893 1435 memorat
913 1368 1058 1435 Reckiua
1082 1370 1126 1437 ad

82 1468 307 1555 Aristophanis
346 1492 422 1533 aves
455 1494 487 1534 v.
521 1482 601 1552 ¹45·
661 1472 807 1557 Adparet
835 1494 875 1535 ex
907 1471 979 1547 hie,
1026 1464 1128 1560 quana

81 1592 163 1657 vaga
188 1570 269 1634 olim
290 1569 390 1633 fuerit
415 1570 668 1658 inconstansque
690 1571 783 1635 rubri
810 1570 909 1637 marie
934 1572 1126 1659 adpellatio‚
1160 1626 1164 1635 .

82 1694 166 1763 quae
182 1676 222 1735 ab
240 1672 414 1735 Idumaeae
430 1671 528 1736 litore
544 1694 604 1759 per
621 1676 725 1737 tinum
741 1671 934 1739 universum
946 1674 1127 1740 Arabicum

81 1774 299 1845 baniolum,
336 1774 391 1836 sed
413 1790 447 1836 et
468 1796 528 1859 per
549 1776 721 1839 Oceanum
740 1776 937 1850 Australem,
975 1775 1033 1863 qui
1052 1780 1127 1841 Ara·

82 1875 175 1941 biam
202 1892 236 1939 et
260 1872 391 1938 Indiam
416 1874 540 1961 adluit,
572 1878 733 1960 producta
761 1876 814 1940 est.
863 1874 951 1941 Aliae
977 1897 1017 1940 ex
1036 1898 1128 1945 nexu

82 1975 228 2063 intelligi
262 1978 379 2049 debet,
421 1997 504 2063 quae
537 1974 630 2039 rubri
664 1974 765 2040 marie
798 1998 874 2063 pare
910 1975 1128 2063 intelligatur,

83 2086 176 2169 quod
197 2082 284 2143 bene
305 2076 421 2142 docuit
441 2078 567 2140 Ludolf
584 2075 621 2141 in
639 2095 856 2143 commentart
879 2079 921 2141 ad
942 2076 1052 2143 histor.
1067 2083 1131 2146 Ao·

82 2180 191 2267 thiop.
212 2204 243 2257 ι,
262 2178 318 2250 26,
338 2180 414 2267 fisq.
449 2179 563 2242 Noster
577 2178 650 2243 eiua
663 2176 828 2265 principia
844 2177 938 2245 ducit
953 2182 994 2243 ab
1010 2178 1128 2247 Indico

83 2286 222 2372 pelago,
248 2280 301 2346 uti-
321 2282 457 2367 adparet
472 2302 512 2344 ex
533 2302 604 2365 cap.
622 2298 654 2358 7.
678 2298 711 2345 et
731 2282 773 2345 ad
787 2278 996 2368 Aethiopiam
1018 2279 1129 2345 termi-

83 2402 160 2457 nat,
198 2387 254 2449 etfi
280 2381 395 2448 Indico
423 2380 507 2445 rnari
532 2380 618 2445 illud
641 2380 752 2447 latiori
778 2383 871 2447 sensu
888 2382 1129 2468 >complectitur

92 2512 124 2561 a,
144 2506 176 2551 a.
192 2484 239 2551 in.
291 2484 419 2558 Hodie,
452 2489 542 2569 quod
565 2483 665 2547 refert
686 2488 769 2547 luan
792 2482 828 2545 in
851 2486 986 2571 dilgem.
1009 2482 1130 2549 Reisen

85 2590 157 2655 Vol.
182 2612 210 2651 r.
226 2608 301 2672 pag.
324 2590 408 2650 226.
430 2581 521 2648 rubri
543 2582 644 2647 mario
666 2604 790 2649 nomen
810 2583 964 2669 ignorant
985 2591 1129 2661 accolaer

48 2668 56 2701 ³
87 2688 147 2779 qui
169 2688 269 2753 unice
290 2702 413 2751 vocant
433 2708 519 2749 mare
537 2687 685 2760 Macetae,
720 2687 812 2772 quod
832 2688 988 2774 quorsum
1008 2691 1128 2761 valeat.

86 2790 176 2855 inde·
191 2788 336 2855 discitur.
394 2792 445 2849 De
469 2784 557 2869 mari,
573 2789 674 2851 rubro
696 2804 824 2872 praeter
845 2804 995 2852 auctores
1015 2790 1131 2873 paffim
1159 2840 1162 2844 »

85 2907 364 2961 commemorator
386 2888 455 2953 vid.
479 2886 641 2953 d'Anville
662 2886 699 2951 in
721 2886 902 2951 Memoirea
925 2889 967 2951 de
987 2890 1131 2953 l'acado·

86 2992 157 3061 ruie
174 3024 224 3041 —-
243 2994 284 3055 de
299 2990 391 3057 Paris
405 2994 503 3053 Tum.
521 3002 714 3075 35.p.591
736 2990 802 3076 sqq.
825 3006 858 3053 et
877 2987 1021 3054 vincent
1041 3011 1132 3057 cour·

86 3112 227 3163 menter.
244 3092 280 3157 in
296 3091 424 3157 Arriani
439 3090 616 3178 periplurn‚
644 3091 733 3154 unde
753 3106 906 3179 excerpta
920 3094 1075 3179 leguntur
1093 3090 1133 3158 in

87 3200 179 3263 Zuch
193 3194 397 3263 Monadiche
416 3190 686 3280 correspondenn
702 3196 743 3258 Τ.
761 3210 794 3273 3.

110 3438 113 3443 ·
156 3392 254 3497 sive
277 3399 407 3486 qnia)
451 3396 567 3463 Variae
588 3397 709 3463 exstant
721 3413 894 3462 auctorum
909 3399 951 3462 de
965 3397 1059 3463 causa
1072 3417 1132 3463 no·
1174 3388 1177 3393 ⁴

87 3502 193 3573 minin
221 3499 418 3574 sententiae,
453 3520 593 3587 quarum
618 3498 756 3587 quidem
780 3501 886 3565 noster
914 3501 994 3577 duaa
1016 3500 1132 3566 adfert.

90 3610 178 3675 sunt
192 3601 463 3668 autem'ounnino
485 3604 563 3667 hae:
607 3600 641 3690 1)
662 3624 679 3665 a
697 3606 807 3667 colore
829 3622 1006 3688 aquarum,
1032 3622 1132 3697 quem

89 3703 309 3773 vel-omnino
324 3718 536 3778 memorant,
572 3707 627 3767 vel
651 3702 779 3767 ducunt
803 3718 861 3766 aut
884 3724 902 3767 a
927 3700 1003 3769 [olis
1023 3724 1133 3789 reper-

91 3812 183 3877 mffu
196 3825 230 3873 et
242 3806 410 3872 radiorum
420 3806 604 3871 rubrorum
618 3804 653 3871 in
669 3822 760 3869 mare
774 3802 876 3879 iactu,
900 3821 958 3869 aut
972 3824 992 3867 a
1004 3803 1132 3869 vicino·

89 3933 168 3977 rum
182 3908 349 3973 montium
372 3905 630 3973 inluminatione
649 3910 747 3972 rubra
765 3923 798 3970 et
812 3904 903 3971 rubri
918 3902 1039 3971 coloris
1054 3906 1134 3974 effu·

93 4016 193 4079 none.
227 4007 564 4096 Viddgatharcbidea
580 4010 622 4073 de
635 4006 720 4073 mari
735 4011 835 4073 rubr‘o
850 4032 883 4093 p.
900 4028 930 4073 a.
947 4008 1136 4089 (Hudson.)

94 4138 137 4183 ea
156 4134 197 4197 eo
220 4114 336 4181 Strabo
358 4114 412 4182 aa..
436 4132 509 4199 pag.
527 4126 611 4195 535.
630 4114 652 4179 s.
670 4126 753 4199 779.
793 4107 930 4178 Curtius
953 4121 988 4191 8,
1014 4130 1050 4199 9.
1077 4120 1133 4195 ¹4·
