2558 4606
106 312 169 401 3⁰⁴
253 342 257 359 2
301 332 309 372 .·
338 312 344 320 “
373 296 538 376 norae
578 303 889 373 execrare-an
928 324 932 331 =
986 320 989 325 ·

94 474 257 575 lionesum
280 477 367 549 iilam
392 498 432 543 ex
454 481 522 562 dira
540 480 674 552 venisse,
708 481 903 562 populorum
924 477 1155 550 omniummi·

112 581 214 664 gratio
240 579 352 665 docet,
382 596 419 643 et
442 594 518 643 tunc
541 585 578 644 ad
610 583 771 646 Maeotida
798 579 966 644 consedisse
989 582 1153 650 videntur.

29 743 39 755 ,4
112 682 168 743 ubi
184 675 276 768 κώμη
291 677 456 769 arpenni,
473 701 743 747 commemoratur
754 705 771 746 a
782 684 936 747 Strabone
955 701 1010 746 rr.
1025 701 1058 763 p.
1071 692 1155 761 340.

93 774 136 847 l.
157 793 240 863 494.
266 784 333 863 post
353 804 368 844 a
387 785 514 865 Scythia
536 788 636 848 exacti
654 787 858 856 Germaniam
881 783 1003 852 adiisse,
1036 784 1157 849 under

113 885 305 966 quibusdam
338 878 572 949 Κελτοσκύθαι
600 890 683 952 ,όίοιί
709 885 797 950 sunt.
850 885 901 949 Cl.
932 885 1094 947 Plutarch.
1121 883 1157 949 ln

63 1018 68 1027 ·
114 985 220 1047 Mario
241 1005 266 1047 c.
291 987 312 1048 l.
366 988 470 1051 Celtae
491 992 578 1049 euim
602 991 654 1050 vel
677 990 783 1050 Gallae
804 1002 915 1072 genter
930 987 970 1047 acl
991 985 1158 1064 Scythiam
1186 1060 1190 1069 1

116 1093 216 1166 tuque
238 1104 364 1149 vocatas
392 1089 453 1170 eil'p
475 1091 570 1158 oiim,
605 1091 731 1151 teilatur
748 1091 887 1153 Diodor.
904 1100 936 1164 5.
960 1102 1018 1164 32.
1051 1088 1158 1168 quiet

43 1194 46 1205 '
114 1206 170 1250 eoa
194 1186 341 1266 Scythiae
365 1191 518 1253 finitimos
537 1190 624 1267 uincit.
678 1191 871 1259 Cimmerion
895 1191 1024 1253 eoadem
1054 1190 1159 1260 dictor

116 1289 192 1350 inde
209 1304 298 1370 putat
317 1292 446 1372 Spener.
466 1315 496 1381 p.
513 1307 547 1369 5.
565 1315 591 1356 c.
606 1296 630 1358 l.
657 1295 745 1375 quod
760 1296 793 1363 in
803 1293 1054 1356 cimmeriorum
1071 1288 1159 1371 sedet

18 1416 22 1421 ·
115 1389 307 1473 invaserint,
343 1393 600 1477 Cimmeriosque
630 1398 710 1472 adeo
736 1396 923 1463 Germanica
949 1392 1041 1474 llirpe
1067 1388 1159 1459 stride

116 1492 297 1557 Leibuitiur
318 1497 354 1557 ad
377 1498 479 1566 Tacit.
496 1501 537 1560 de
554 1498 663 1573 Germ.
685 1518 756 1579 cap.
769 1510 828 1575 37.
876 1496 1001 1558 Contra
1023 1495 1158 1577 Spener,

115 1613 148 1676 p.
167 1609 224 1673 55.
241 1617 266 1657 c.
285 1598 305 1658 1.
323 1618 362 1658 err
378 1599 533 1685 Strabone
548 1601 694 1670 coniicit,
720 1598 870 1665 Cimbroa
890 1610 922 1659 et
937 1597 1108 1663 Teutouoa
1120 1596 1160 1661 iat
1182 1624 1185 1633 ¹

20 1748 23 1753 ,
115 1696 302 1759 Sarmatiam
319 1715 351 1757 et
370 1701 445 1761 inde
463 1704 499 1761 ad
519 1701 672 1773 Maeotim
694 1700 867 1785 progressos
882 1697 953 1765 else.
994 1698 1044 1768 Eo
1061 1696 1161 1780 igitur

116 1797 222 1866 ducit,
250 1813 288 1858 ut
310 1802 450 1864 reducat.
496 1802 564 1863 Alia
588 1804 656 1865 aliie
686 1801 887 1871 discutienda
911 1800 1071 1879 relinquo.
1110 1796 1160 1859 Ex

117 1902 269 1977 onmibrre
301 1904 435 1964 minime
463 1900 641 1968 audiendus
674 1903 717 1962 est
749 1899 908 1961 liudbeck
941 1902 976 1959 in
999 1898 1160 1965 Atlantica

117 2019 182 2080 cap.
208 2019 265 2076 aa.
294 2007 360 2083 qui,
392 2024 431 2064 ex
455 2023 554 2073 more.
587 1999 820 2064 Chersonesum
846 1989 1041 2063 Cimbricam
1066 2000 1162 2065 Scau.

117 2103 263 2182 dinaviap
291 2104 360 2177 suae
390 2087 549 2175 uindicare
576 2115 736 2177 conatur..
773 2103 835 2165 Sed
861 2103 902 2173 de
925 2101 1066 2165 Cimbris
1090 2102 1159 2165 rid.
1194 2089 1198 2093 ¹

116 2223 195 2284 quae
214 2206 431 2286 conlegerunt,
455 2219 509 2277 aut
532 2204 745 2275 disseruerunt
762 2205 892 2268 Cluver.
912 2207 945 2267 in
958 2203 1072 2274 ,Germ
1094 2214 1161 2267 ant.

122 2322 152 2373 a.
170 2315 203 2383 lp.
220 2327 253 2387 p.
271 2320 342 2382 344
355 2305 395 2386 sq.
425 2321 456 2384 5,
477 2321 533 2368 22.
551 2328 581 2387 p.
596 2319 680 2383 590.
708 2307 861 2368 Cellariue
875 2309 909 2367 io
925 2303 1040 2389 sylloge
1056 2302 1161 2367 disser-

118 2407 231 2469 tation.
250 2419 282 2483 5.
299 2426 331 2466 et
348 2410 380 2470 6.
412 2428 508 2488 quem
535 2409 585 2475 ves
605 2411 729 2488 repetit,
756 2409 809 2468 vel
827 2408 987 2475 emendat.
1017 2407 1070 2467 ves
1092 2403 1162 2466 sub-

118 2509 190 2590 plet,
203 2506 379 2577 Ancherseu
405 2511 437 2572 iu
456 2509 545 2592 Orig.
565 2511 646 2570 Dan.
671 2510 706 2572 P.
730 2529 758 2572 ι.
776 2525 894 2590 cap..7.
921 2508 1162 2573 devastentur

117 2611 258 2680 Herthae
282 2631 351 2694 pag.
371 2627 438 2673 221
456 2609 517 2693 sqq.
545 2613 584 2673 de
606 2612 765 2683 Cimbrica
788 2611 995 2692 expeditione
1018 2623 1050 2668 et
1074 2609 1162 2673 bello

117 2711 284 2788 Pontauue
307 2715 339 2772 in
363 2713 433 2774 hist.
456 2715 536 2773 Dan.
561 2714 617 2775 sib.
640 2715 732 2775 t..in.
760 2726 792 2772 et
815 2714 848 2772 iu
871 2711 1021 2798 peculiari
1050 2710 1162 2781 libello

118 2814 246 2883 Mulier,
271 2815 382 2874 Turici
404 2830 508 2888 1772.
538 2817 593 2894 qui
612 2827 685 2892 214
710 2817 777 2875 ioca
793 2827 942 2875 veterum
959 2814 998 2879 de
1013 2830 1054 2873 eo
1077 2812 1162 2875 betto

118 2918 275 3000 conlegit,
310 2936 368 2979 nec
395 2931 501 2989 tamen
525 2920 634 2978 omnia
657 2917 812 2989 exhausit,
846 2929 884 2978 ut
907 2916 1000 2975 docet
1022 2915 1161 2996 alligem.

118 3018 226 3089 Woltff
239 3016 349 3083 Gesch.
368 3019 437 3080 Vos.
459 3034 515 3093 17.
538 3005 578 3079 T.
597 3041 631 3084 t.
649 3039 681 3099 p.
704 3031 756 3095 15.
776 3020 842 3077 .De
863 3013 1059 3087 Chersoneso
1075 3015 1164 3089 ctu·

61 3190 67 3201 ‚
118 3118 204 3189 brica
227 3102 344 3181 consuli
367 3120 485 3202 potest,
518 3120 632 3200 fiquiu
658 3121 746 3201 plura
772 3121 874 3198 cupit.
910 3117 1097 3179 Grammion
1123 3117 1163 3179 etl

118 3221 247 3281 Mulieri
264 3219 439 3284 Cirubriam
454 3223 611 3295 literatam
633 3224 665 3281 in
682 3218 809 3302 praesat.
828 3221 865 3279 ad
883 3215 905 3280 s.
920 3234 952 3279 et
969 3240 1001 3300 p.
1019 3229 1078 3298 54.
1104 3218 1163 3285 ubi
1201 3286 1204 3295 ¹

117 3324 265 3384 Tacitum
287 3342 367 3408 eant·
381 3323 503 3397 nouisse
528 3338 637 3407 negat,
666 3325 796 3403 Spener.
817 3341 886 3404 pag.
903 3334 936 3397 5.
952 3340 978 3386 c.
994 3318 1015 3382 l.
1036 3319 1164 3384 Cimbri

117 3440 242 3501 autem,
270 3437 307 3504 nt
325 3425 393 3493 bic,
424 3427 669 3509 coniunguntur
687 3423 750 3491 sere
769 3442 842 3484 cum
863 3422 1043 3501 Teutonis,
1074 3424 1164 3487 utin

117 3527 179 3595 lul,
198 3522 495 3603 Caes.,deB.G.1‚
515 3541 574 3606 33.
600 3525 690 3589 Oros.
709 3538 741 3601 5.
763 3526 819 3588 16.
847 3523 913 3586 Cic.
931 3543 988 3605 pro
1002 3525 1038 3586 L.
1049 3523 1163 3602 Manil.

30 3696 38 3717 ,
117 3650 184 3710 cap.
205 3644 264 3697 20.
290 3631 403 3690 Tacito
420 3630 536 3691 Histor.
554 3641 588 3710 4,
613 3643 671 3705 73.
702 3625 807 3692 sedet
829 3624 1026 3708 separantur,
1057 3628 1107 3702 uti
1129 3627 1165 3690 tit

118 3731 247 3790 aFloro
266 3750 294 3791 c.
319 3731 339 3790 l.
375 3732 434 3810 lul.
459 3727 545 3794 Caes.
572 3734 612 3792 de
634 3731 671 3811 B,
697 3729 736 3792 G.
763 3744 795 3804 7,
821 3744 882 3805 77.Ι
941 3728 1001 3795 llle
1029 3728 1164 3808 quidem

117 3831 246 3897 alteram
271 3830 366 3891 Marii
385 3834 421 3896 in
439 3831 591 3904 Cimbros
613 3832 826 3915 irruptionem
847 3836 881 3901 et
902 3830 1026 3894 cladem
1047 3827 1165 3901 diserte

116 3944 286 3997 memorat.
