2558 4606
82 400 85 405 .
161 362 217 421 ιιι
241 360 380 421 roua.
409 359 518 419 Met.
559 360 595 420 c.
616 364 673 422 ιιι.
715 364 749 424 c.
770 364 850 429 vur.
891 368 919 441 ς.
940 374 971 442 4.
1002 432 1005 437 ,
1034 346 1099 446 3⁰⁷
1139 364 1144 371 ·

54 548 89 601 et
112 539 226 601 aetitia
250 536 420 599 intervallo
443 538 617 618 comparari
639 534 743 620 poffit.
783 539 952 602 Armozula
976 528 1094 617 autern,

56 656 131 701 cunr
154 639 245 700 illum
265 639 417 701 Addantn
443 651 538 701 vocet
563 658 580 699 a
604 638 762 720 Carpella‚
800 641 985 705 Carmaniae
1015 634 1096 707 anti·

54 759 137 823 quae
161 732 404 823 promontorio.
431 756 580 803 removet
606 758 703 805 otoo
730 741 833 805 iiadiie
859 743 1038 811 Marcianus
1060 749 1097 811 in

51 844 180 925 periplo
202 864 235 925 p.
254 858 313 907 21.
352 843 450 904 Nunc
465 844 505 904 de
521 842 669 924 Sagano,
696 863 792 923 quem
811 845 933 908 Plinius
949 848 1045 909 habet
1061 850 1094 921 6.

53 956 118 1021 28.
136 942 158 1007 l.
176 955 234 1021 25.
261 964 277 1005 a
297 946 522 1028 promontorio
551 930 707 1027 incipient
738 946 899 1027 praemilla
923 952 1096 1011 Aminaeo·

53 1066 128 1107 rum
148 1048 331 1118 mentione,
360 1044 570 1126 Saganumfl.
595 1047 682 1109 uude
698 1048 828 1109 adalioa
845 1048 968 1110 Perfida
981 1051 1095 1116 verlua

16 1212 21 1221 ,
53 1147 270 1231 progreditur.
324 1148 524 1241 Quodfiest
539 1149 703 1211 Armozon
725 1152 993 1230 promontorium,
1017 1155 1094 1216 inde

10 1292 14 1307 ,
52 1248 96 1313 etl
110 1252 270 1333 Saganam
285 1248 425 1313 fluvium
443 1250 622 1313 Marcianus
637 1271 663 1311 c
678 1251 699 1311 l.
716 1265 864 1313 numerat
876 1253 968 1313 stadia
987 1275 1094 1325 1000,

53 1340 89 1415 ot
101 1348 143 1415 fic
157 1349 297 1424 Plinius,
323 1354 379 1434 qui
395 1350 484 1436 [upra
498 1352 567 1413 ab
557 1354 652 1413 rnitio
667 1352 851 1414 Carmaniae
868 1355 905 1413 ad
923 1354 1019 1415 Sabin
1042 1356 1095 1417 ha·

54 1450 153 1515 itabat
174 1470 242 1516 roo
259 1453 307 1517 Μ.
322 1454 359 1516 Ρ.
377 1454 578 1520 Carmaniam
597 1453 635 1514 ab
655 1454 711 1515 illo
728 1456 951 1534 promontorio
967 1456 1095 1539 incipit.

15 1636 18 1642 ι
56 1554 115 1617 sin
130 1573 148 1616 ι
162 1552 318 1637 Carpella,
340 1556 416 1616 inde
430 1556 467 1617 ad
487 1556 679 1617 Armozonta
695 1555 874 1617 Marcianus
889 1554 986 1625 habet
1001 1546 1095 1621 [ladio

58 1666 151 1735 750,
177 1656 267 1717 nullo
283 1657 414 1737 quidem
430 1653 615 1741 interposito
630 1654 779 1722 flumine,
807 1658 891 1735 quod
914 1671 947 1718 et
967 1662 1096 1741 ignorat

55 1754 273 1821 Ptolemaeos.
310 1756 431 1818 Plinius
445 1756 533 1817 enim
553 1754 661 1825 Arhia,
685 1766 717 1814 et
734 1754 821 1814 Arbii
839 1776 878 1815 ex
899 1759 984 1819 male
1003 1762 1096 1822 intel·

15 1902 24 1929 -.·
56 1856 141 1923 lecto
156 1856 353 1929 Onellcnlo
379 1858 433 1919 rei
451 1854 596 1921 Nearcho
613 1867 733 1917 temera
749 1857 942 1937 interponit,
969 1864 1017 1918 uti
1041 1858 1096 1921 do-

57 1963 125 2023 cuit
144 1958 313 2027 somnone
334 1960 373 2020 ad
396 1959 499 2021 Solin.
515 1978 583 2040 cap.
602 1967 661 2038 54.
681 1954 702 2018 l.
720 1969 779 2034 57
800 1978 832 2039 p.
846 1977 890 2019 m.
909 1964 993 2036 838.
1045 1952 1103 2023 Err'

56 2062 145 2127 notit
169 2060 270 2147 igitur
294 2061 403 2124 fluviis
425 2072 570 2123 remanet
596 2060 751 2143 Saganos,
786 2060 840 2139 qui
862 2050 1094 2147 accommoda·
1068 2058 1100 2153 ιι

56 2162 124 2225 lruc
145 2157 260 2247 pollit,
292 2176 326 2227 et
349 2162 474 2226 Plinius
495 2161 551 2225 luo
573 2160 662 2242 laepe
683 2178 772 2221 ruore
791 2160 933 2224 diversor
952 2166 1100 2249 auctores

19 2346 22 2351 ⁴
56 2264 92 2327 in
116 2265 231 2327 eadem
257 2281 291 2326 re
312 2265 464 2328 narranda
487 2284 581 2347 prave
608 2262 781 2334 intellexit,
811 2275 844 2324 et
867 2238 987 2325 diverla
1011 2262 1096 2336 fe'cit,

58 2385 139 2449 quae
158 2378 250 2429 erant
266 2368 388 2432 eadem.
440 2366 510 2431 Nec
526 2366 634 2428 renuit
650 2362 753 2435 Mela,
778 2384 833 2445 qur
823 2364 1036 2429 Carmanioa
1057 2342 1100 2429 acl

56 2466 205 2531 dextram
219 2468 331 2531 Perlici
348 2468 432 2531 linus
447 2469 548 2539 locat,
577 2481 610 2529 et
624 2465 721 2529 Sabin
738 2485 794 2549 per
809 2484 865 2528 eos
880 2468 1018 2528 deducit.
1057 2472 1098 2530 dt

58 2570 183 2635 fiMoltt
202 2568 260 2631 fibi
278 2570 414 2640 conllat,
438 2570 537 2631 Saros
550 2569 743 2638 Ptolemaei
769 2568 903 2630 Salaros
918 2569 952 2629 in
974 2570 1025 2631 ed.
1044 2572 1098 2631 dr·

60 2676 149 2757 ¹gont.
171 2683 278 2750 1520.
301 2670 492 2733 velSarolis
512 2673 738 2752 interpretum,
749 2659 902 2752 intelligi
920 2689 993 2730 curn
1010 2672 1097 2733 Ciac·
1176 2660 1183 2669 ⁸

60 2774 157 2837 conio
190 2774 313 2856 nequit.
373 2772 437 2835 Hic
469 2776 558 2834 enirn
593 2773 672 2832 ultra
705 2770 881 2865 Carpellam
912 2770 1028 2833 fluebat
1058 2774 1099 2834 atl

60 2872 334 2959 chelonophagos
360 2874 542 2939 Gedroiram
569 2871 694 2941 verint,
726 2872 777 2931 uti
800 2871 892 2931 docet
920 2872 1100 2937 itlrrcianua'

61 2996 92 3063 3.
111 2992 173 3041 tto.
186 2975 306 3055 (liudi.
315 2979 328 3055 )
351 2979 407 3058 qui
431 2989 524 3038 vocat
542 2976 704 3043 Satorum,
736 2973 878 3034 utiedit.
898 2958 1098 3055 Argentorat.

66 3091 176 3157 1520.
191 3078 380 3146 Ptolemaei.
415 3077 569 3143 Ceterum
586 3073 732 3138 saitnnh
748 3072 919 3135 Bindamir
934 3077 1042 3137 vocari
1059 3075 1099 3138 ad

60 3178 144 3245 Ptin.
162 3180 198 3255 6,
215 3194 276 3259 27.
292 3179 315 3245 l.
331 3194 391 3257 23.
412 3178 517 3243 scribit
537 3178 731 3243 lietduinus.
906 3184 909 3191 '

132 3381 358 3467 Andanis)
407 3384 458 3447 Dc
481 3382 544 3447 lroc
566 3395 598 3447 et
620 3380 706 3446 Coro
729 3379 851 3443 drctum
869 3379 904 3441 in
932 3390 1003 3440 not.
1029 3354 1108 3465 orii(

59 3484 254 3573 p..267qu
288 3485 344 3549 De
360 3484 444 3551 Coro
467 3487 544 3549 haec
565 3482 704 3549 Volltua·
717 3483 829 3568 -Quod
845 3474 1100 3569 Corumilurn'en

21 3584 25 3591 ’
64 3592 199 3659 minet.-
221 3588 431 3651 illudendam
448 3590 595 3669 quidem,
622 3604 686 3667 quo
701 3584 803 3654 Mela
830 3558 1103 3653 ordinerece'nlet

61 3688 285 3763 Ptolemaeus,
308 3710 421 3753 verum
436 3690 488 3751 hic
505 3690 603 3751 nirnlt
624 3688 702 3750 ostio
722 3686 807 3747 irnut
822 3683 937 3747 Perfici
952 3682 1102 3747 vicinur'u

61 3786 151 3865 lacit,
186 3808 262 3855 coru
283 3792 403 3854 eMela
419 3792 483 3854 hoc
505 3790 629 3853 tanturn
651 3788 760 3871 colligi
780 3780 901 3867 polilt,
918 3780 1018 3853 litum
1041 3785 1102 3875 elia

62 3892 149 3963 inter
163 3892 338 3979 Euphratit
350 3906 384 3956 et
401 3892 540 3957 Andania
557 3892 727 3953 lluminurn
744 3887 829 3951 ollia.
875 3886 947 3949 Sed
955 3880 1102 3969 profecto
1123 3886 1127 3891 ’

62 3996 196 4061 vitietur
212 3994 460 4058 ''Ptolemaaua
451 4014 485 4056 ιιι
511 3994 601 4059 Goril
627 3991 768 4055 fluminis
791 3990 849 4052 situ
871 3986 996 4060 errasse.
1027 4009 1103 4053 curn

66 4096 189 4171 cottis,
214 4094 329 4163 Corios
346 4098 410 4163 lave
429 4098 531 4180 Cyrus
547 4098 635 4182 idam
654 4092 706 4162 ot,
740 4104 833 4176 atquo
853 4089 897 4165 it,
923 4090 980 4176 qui
997 4074 1101 4182 ¹vulgo

692 4194 718 4255 V
747 4207 768 4260 fl
