2558 4606
179 361 240 440 156
447 358 610 423 ttotttt
646 358 955 418 excoctione
1070 392 1075 405 .

52 526 55 539 ¹
175 538 275 602 docet
310 536 530 619 experientia„
554 554 697 599 voesrrs.
762 535 853 597 Varie
888 553 1008 597 nornen
1033 530 1129 595 durii
1155 530 1221 597 lire

176 640 378 703 librariorum
402 639 484 698 vitio
505 635 622 699 factum
640 637 693 709 tlt,
728 634 792 698 five
806 635 879 699 usus
901 656 1013 718 parum
1035 634 1221 704 constiterit,

176 741 319 804 effertur.
373 740 458 804 Cum
477 739 581 801 nostro
599 733 719 800 iaciunt
739 739 863 821 piures,
890 753 923 800 et
938 739 972 799 in
989 738 1045 801 Gr.
1057 737 1101 831 eti
1114 732 1221 823 Κῦρος

175 840 200 907 l.
223 836 342 931 Κύρος.
385 843 427 904 At
447 834 573 929 Κύρνος
593 841 688 902 habet
703 839 860 903 Plutarch.
880 842 913 900 in
930 840 1089 923 Pompeio
1113 858 1141 901 c.
1160 846 1219 917 34.
1263 884 1265 887 ψ

119 940 122 947 “
176 944 322 1024 125056.
349 946 406 1023 36.
431 957 464 1005 et
487 936 575 1005 alibi.
636 936 765 1028 Κύρτος
798 943 929 1024 Appisn.
970 944 1003 1002 in
1040 938 1222 1002 Mithridat.

176 1066 245 1128 cap.
275 1060 357 1122 ¹⁰3·
389 1045 447 1104 ubi
476 1046 609 1125 quidem
643 1042 752 1130 Κῦρος
775 1044 998 1125 reponendum
1030 1040 1222 1105 censuerunt

174 1147 331 1215 Ileiakiue
345 1143 716 1230 etSchweighaculerus.
743 1140 874 1232 Κύρῥος
888 1146 1090 1209 Ptolemaeus
1109 1156 1142 1222 5,
1164 1159 1221 1207 tu.

175 1266 213 1314 et
235 1262 289 1328 15.
329 1248 420 1308 idern
442 1247 539 1309 habet
561 1248 692 1330 quidem
711 1249 744 1318 6,
763 1263 795 1310 Ω.
819 1241 944 1333 Κύρος.
971 1263 1001 1311 at
1024 1249 1100 1328 quia
1122 1246 1221 1309 huittc

158 1350 253 1415 tullia
267 1351 301 1410 iu
317 1349 424 1411 Media
440 1363 682 1420 commemorat,
707 1347 828 1411 diversa
847 1347 922 1410 fecit
937 1349 1079 1419 flumina.
1120 1332 1223 1410 Porro

176 1453 282 1516 ctaiia
298 1453 442 1514 eiusdem
459 1452 511 1512 vel
528 1451 635 1513 fimitis
650 1453 793 1512 nominis
808 1452 963 1513 vocabula
979 1454 1146 1535 leguntur,
1172 1447 1222 1511 uti

176 1548 314 1641 Ηὰριος,
342 1553 394 1615 vel
413 1555 520 1636 potius
535 1573 609 1614 curn
626 1553 708 1616 (iod.
719 1553 862 1614 Palatino
878 1549 999 1636 iliacos
1013 1553 1098 1634 apud
1110 1551 1222 1612 Ptole·

132 1728 141 1732 ,
174 1676 305 1719 meeum
329 1656 362 1723 6,
387 1666 421 1732 8.
448 1656 481 1716 in
510 1653 705 1723 Carmania‚'
730 1658 782 1715 cui
817 1653 1002 1740 suffragatur
1040 1653 1222 1743 Marcianus

128 1812 131 1818 .
173 1754 488 1842 pa'g.ttu.(l1uds.·)
541 1756 632 1817 Idem
655 1754 762 1842 Κῦρος
784 1758 924 1819 Persicus
943 1757 1079 1827 fluvius,
1106 1756 1162 1837 qui
1183 1753 1219 1815 iu

174 1852 333 1923 Perficnm
349 1859 450 1918 finum
467 1855 588 1929 effluit,
613 1873 772 1920 nutatura
790 1858 945 1920 Strabone
967 1872 1021 1936 15.
1043 1878 1114 1942 pag.
1133 1868 1219 1934 501.

174 1960 200 2024 l.
217 1976 301 2040 729.
331 1960 456 2020 Avieno
481 1980 514 2022 v.
535 1971 640 2040 1214.
667 1960 721 2042 qni
745 1961 898 2038 Dionysio
917 1982 947 2023 v.
970 1961 1075 2038 1073.
1094 1958 1143 2020 eit>
1157 1950 1220 2023 lid·

174 2082 245 2152 ρος,
270 2063 319 2121 uti
342 2060 499 2121 Prisciano
517 2082 550 2122 v.
567 2073 653 2140 974.
680 2080 774 2142 quam
798 2060 933 2123 formam
956 2059 1142 2144 praeferunt
1159 2060 1219 2125 Cn·

142 2209 148 2213 -
174 2163 333 2227 laubonue
355 2163 393 2223 ad
415 2160 516 2235 ¹Strab.
533 2183 558 2222 c.
575 2163 596 2223 l.
622 2176 654 2223 et
671 2162 796 2224 Salmas.
819 2165 852 2222 in
876 2165 978 2225 Solin.
997 2183 1024 2226 c.
1043 2177 1102 2242 57.
1118 2160 1139 2224 l.
1154 2172 1215 2241 40.

172 2284 207 2353 p.
229 2284 275 2327 m.
297 2274 383 2342 495.
437 2263 476 2323 ts
497 2266 585 2343 quod
609 2263 661 2324 hic
688 2263 818 2325 Corinna
843 2264 1029 2327 Carmaniae
1052 2283 1128 2326 curn
1153 2263 1218 2325 hoc

151 2444 153 2447 ι
175 2367 364 2448 componit,
391 2361 552 2426 difficilius
572 2367 729 2447 explicatu
751 2368 889 2430 videtur.
929 2367 1023 2428 Nora
1039 2368 1146 2427 tamen
1163 2364 1217 2427 hic

173 2465 343 2531 difficultas
369 2467 529 2530 obiicitur.
572 2467 685 2528 Strabo
707 2468 837 2529 enimc.
862 2468 882 2529 1.
904 2469 944 2529 de
969 2469 1055 2547 Cyro
1077 2467 1216 2529 Perlidie

139 2598 141 2602 ·
172 2567 232 2631 tic:
265 2559 338 2630 duri
363 2558 569 2654 Ἀγραδᾶτου
592 2560 849 2657 μετονομασθεὶς
864 2563 979 2656 Κύρος.
1002 2568 1216 2653 anctorequi·

52 2702 57 2709 f
172 2668 248 2733 clena
265 2669 352 2758 Cyro
368 2688 453 2752 rege.
515 2673 556 2732 At
573 2673 732 2732 Ammian.
751 2686 807 2747 23.
826 2673 858 2734 6.
876 2690 947 2755 pag.
967 2683 1049 2750 289.
1072 2670 1216 2748 (Gruu.)

150 2770 315 2863 ¹uuilrum
341 2791 357 2831 a
380 2771 469 2849 Cyro
495 2788 614 2832 nomen
641 2772 787 2854 accepitle
814 2774 957 2833 adfirmat
987 2773 1029 2834 ob
1055 2775 1215 2855 impetum

131 2870 134 2880 '
173 2871 328 2942 fimilem,
360 2874 473 2953 quoin
491 2871 639 2954 Caspium
657 2894 742 2936 mare
765 2877 926 2945 decurrat,
954 2888 1061 2937 utrex
1079 2874 1213 2936 inbelle

74 3002 75 3007 ¹
170 2970 446 3054 contra'Scythas.
499 2975 680 3038 Euilathiua
702 2989 807 3036 temen
833 2977 872 3036 ad
895 2975 1028 3054 Dionys.
1049 2998 1081 3038 r.
1106 2990 1213 3052 1073.

170 3074 269 3138 liuius
290 3070 396 3162 Κόρου
418 3077 455 3135 in
480 3076 605 3137 Perside
624 3077 727 3156 postea
745 3078 868 3155 Cyrum
888 3090 1037 3138 vocaturn
1059 3077 1216 3140 elle'lcri·

170 3175 236 3248 bit,
262 3176 317 3238 etii
339 3194 370 3238 et
385 3179 576 3260 cognomina
593 3178 727 3238 flumina
747 3198 821 3238 eum
838 3177 967 3239 miscere
982 3181 1057 3241 inde
1068 3182 1212 3261 adparet.

169 3278 260 3362 quod
287 3273 394 3366 Κόρου
426 3278 571 3357 Dionyiii
597 3299 636 3338 ex
670 3282 819 3341 Armenia
852 3281 958 3348 (lucit.
997 3283 1045 3342 uti
1076 3279 1212 3344 facitin

171 3377 318 3461 choaspe
344 3378 467 3441 Persico
489 3393 522 3441 et
552 3381 673 3443 indico.
735 3382 883 3451 Rectius,
915 3384 1002 3444 unde
1022 3381 1072 3445 lna
1096 3383 1210 3454 hausit,

168 3480 285 3546 Strabo
307 3501 361 3542 tr.
383 3501 415 3564 p.
433 3490 517 3562 344.
540 3478 560 3544 l.
587 3495 670 3558 500.
696 3482 736 3543 de
757 3483 863 3545 nostro
886 3484 983 3562 Cyro.
1037 3485 1156 3547 Fontes
1177 3487 1213 3547 in

168 3581 336 3649 Coraxicis
361 3583 525 3644 montibus
552 3585 644 3664 ponit
666 3584 770 3656 Meis,
803 3583 1022 3648 consentiente
1050 3587 1162 3649 Plinio
1176 3588 1210 3658 6,

175 3702 232 3749 ro.
249 3685 295 3744 in.
322 3679 378 3764 qui
399 3685 531 3746 eosdem
547 3682 748 3748 Heniochiue
770 3688 867 3748 etiarn
886 3689 993 3748 vocari
1013 3687 1112 3751 addit.
1158 3688 1211 3754 Cf.

170 3786 207 3858 6,
227 3798 280 3862 t5.
301 3782 321 3846 l.
344 3798 397 3875 ¹5·
422 3800 556 3865 eaquae
573 3785 654 3846 dicta
680 3785 811 3849 suntad
830 3808 862 3860 a,
883 3807 937 3869 19,
957 3805 1012 3869 13·
1069 3785 1212 3871 iberico·

167 3901 297 3951 montes
318 3885 414 3949 habet
435 3887 593 3950 Plutarch.
608 3907 635 3951 c.
652 3888 672 3951 1.
700 3908 836 3970 quorum
860 3891 1158 3969 narrationes-inter
1179 3891 1210 3955 [e

168 3987 317 4053 conciliat
327 4001 368 4050 ¹et
390 3989 496 4052 verbis
511 4001 637 4049 tanturn
652 3991 829 4072 discrepare
844 3994 939 4056 docet
952 3995 1156 4070 Liinernaun.
1172 3994 1210 4056 iu

166 4085 265 4157 delet.
281 4088 408 4158 causati
422 4112 456 4178 p.
474 4104 535 4175 23.
569 4090 683 4157 Strabo
699 4093 767 4155 c..l.
785 4090 892 4175 fontes
909 4097 1003 4180 pouit
1020 4097 1158 4161 omnino
1173 4096 1212 4160 iu
