2558 4606
102 360 106 366 ’
192 368 550 428 rationantur.
590 370 698 430 um.
742 347 848 430 crit.
890 372 967 446 §.4
1063 370 1112 452 97'

55 554 153 631 porro
170 546 210 608 ad
228 545 377 628 Caspium
395 566 481 607 mare
498 546 653 628 procedit.
696 548 744 607 Ex
764 567 829 629 quo
847 568 912 607 nnn
934 516 1032 608 insum
1051 550 1105 610 ad·

56 663 165 731 paret,
201 651 349 729 pervium
374 647 447 710 saiso
474 649 561 708 hunc
585 648 683 707 ituram
707 649 744 710 ad
770 670 853 709 mare
876 650 1022 730 Caspium
1046 671 1102 731 pu·

55 750 142 819 tasse,
171 750 223 812 sed
239 766 270 812 et
287 752 473 812 Sarmaticas
492 748 606 811 insulsa
622 749 659 811 ab
679 753 717 810 iis
739 749 891 831 separasse.
921 773 1000 832 qnae
1015 768 1104 814 erant

54 853 89 913 in
113 854 183 913 sinu
208 852 355 915 Coda'no.
405 852 489 914 Cum
513 871 588 912 vero
611 853 796 913 Sarmatiam
819 852 1102 918 abViiinlaamnc
1196 842 1200 856 ⁸

54 956 208 1036 incipiat,
245 954 327 1016 sinna
350 953 501 1015 Codanus
523 973 589 1014 non
616 954 718 1035 potest
740 955 818 1014 nitra
842 959 1025 1016 Sarmatiam
1049 977 1101 1017 ex·
1144 990 1147 1003 ι

56 1058 169 1124 tandi,
206 1059 298 1138 qnod
316 1055 388 1116 iacit
404 1055 516 1115 Wedei
541 1057 572 1114 in
594 1054 805 1141 Ablrandinng
826 1058 905 1118 iiber
923 1042 973 1118 die
996 1058 1102 1121 ilteste

55 1156 325 1220 scandinrvtsetro
342 1154 452 1218 Gesch.
472 1176 503 1237 p.
523 1170 579 1235 39.
597 1171 628 1215 et
645 1168 704 1231 gr.
733 1160 788 1218 etti
808 1158 870 1222 sibi,
884 1178 948 1219 non
973 1160 1100 1233 constat,

54 1272 88 1321 et
103 1260 294 1321 aestuarium
306 1250 547 1320 Mentanomon
560 1261 656 1319 etiam
673 1259 795 1319 dictum
814 1275 911 1341 putat.
942 1259 992 1323 Cf.
1008 1242 1101 1323 fimus

56 1361 164 1422 tabida
178 1361 330 1443 adpensa.
379 1350 547 1421 Tum'nee
564 1374 668 1420 totum
688 1381 772 1422 mare
792 1362 945 1422 Balticnrn
965 1363 1101 1447 intelligi

55 1464 177 1545 potest,
211 1461 352 1546 sedetur
374 1477 496 1523 tanturn
521 1463 724 1545 principium.
781 1465 866 1524 Ultra
885 1466 988 1523 Albim
1013 1466 1101 1527 enim

57 1546 137 1626 terra
161 1584 281 1645 parum·
297 1567 424 1650 cognita
446 1577 511 1625 erat
534 1565 705 1630 liomanis.
738 1564 842 1642 qnam*
857 1567 935 1625 adeo
957 1581 1102 1629 vetuerat

56 1666 217 1752 Augustua
234 1669 353 1729 milites
376 1667 567 1750 transgredi,
602 1664 677 1725 tesia
697 1664 851 1726 Strabone
870 1683 901 1738 7.
926 1687 995 1749 pag.
1016 1684 1099 1732 201.

56 1767 76 1832 s.
93 1785 184 1848 291.
210 1781 243 1830 et
260 1771 293 1829 in
312 1771 422 1851 primis
439 1762 469 1848 ρ.
480 1782 562 1842 203.
579 1766 599 1828 s.
619 1778 701 1846 294.
739 1769 781 1826 Et
798 1767 836 1828 irc
851 1764 973 1828 Plinius
991 1785 1023 1835 Ω.
1040 1770 1100 1845 67.

57 1869 204 1954 auspiciis
221 1870 348 1952 Augusti
366 1871 404 1930 ad
420 1868 628 1929 Cimbrorum
647 1879 770 1926 tantum
789 1872 1048 1948 promontorium
1066 1872 1099 1931 iu

57 1970 323 2061 septemtrionali·
342 1971 470 2031 Oceano
504 1968 624 2030 classem
658 1968 814 2051 navigasse
849 1967 965 2032 scribit.
1032 1970 1100 2032 Sub

58 2072 153 2135 sinsin
185 2086 295 2135 tamen
324 2072 452 2154 imperii
481 2070 645 2130 Tiberiani
674 2072 840 2133 Domitius
863 2092 936 2133 cum
960 2076 1101 2135 exercitu

59 2175 163 2237 sibim
184 2170 390 2242 transcendit,
414 2187 447 2234 et
467 2171 594 2256 longius
617 2171 819 2232 Germaniam
841 2178 1037 2255 penetravit,
1065 2182 1102 2235 ut

60 2290 161 2339 narrat
182 2278 313 2337 Tacitus
330 2277 411 2336 dnn.
427 2283 461 2356 4.
478 2283 539 2352 44.
566 2273 621 2335 etsi
638 2294 676 2333 ex
700 2272 789 2335 sueto
808 2276 962 2336 Romanis
986 2279 1100 2338 itinera

59 2380 208 2441 olibano
231 2378 270 2436 ad
289 2376 447 2460 Visurgim
465 2376 503 2436 ab
527 2374 584 2435 hac
606 2376 701 2435 ctiam
718 2390 805 2458 parte
821 2375 937 2436 facturn
959 2381 1100 2441 videtur.
1192 2412 1196 2431 ι
1226 2366 1231 2386 '

59 2480 261 2563 Tempestate
284 2491 391 2538 tamen
414 2478 507 2536 multi
535 2477 666 2557 abrepti.
698 2479 813 2538 eodem
845 2481 1032 2558 imperante,
1066 2474 1102 2541 iu

60 2584 150 2642 ilium
178 2582 280 2640 sinum
298 2578 386 2640 scrisse
403 2580 554 2639 uidentur
576 2598 615 2639 ex
631 2580 731 2638 Taciti
751 2582 832 2640 Anu.
851 2595 883 2648 Ω,
904 2592 962 2657 23.
1014 2582 1102 2642 Cum

62 2685 194 2746 senonis
215 2683 338 2743 montis
360 2680 506 2742 excnrsns
533 2682 614 2761 apud
643 2679 784 2740 Plinium
810 2695 842 2741 et
864 2670 1013 2742 Solinum'
1033 2682 1102 2746 eiua

61 2778 1103 2868 finnsprincipitr'trr‘statuattrr,propeChrisiianiam,Tonsberg-ss

62 2887 259 2968 quaerendus
281 2886 421 2946 videtur.
472 2885 620 2944 Scatonem
644 2881 801 2964 descripsrt
823 2885 1050 2946 Wimmannns
1066 2887 1103 2946 in

62 2989 277 3072 navigationis
298 2988 390 3046 muria
412 2987 522 3047 Arctoi
547 2987 567 3044 i.
586 3006 612 3045 e.
632 2986 742 3044 Baitici
761 3001 793 3044 et
811 2984 890 3046 finus
907 2986 1032 3064 Codani
1048 2968 1103 3049 de·

63 3089 231 3173 scriptione
248 3088 338 3148 Baiis.
356 3099 460 3163 1575.
479 3107 544 3146 non
563 3088 658 3168 longe
673 3108 688 3147 a
706 3107 751 3167 pr.
765 3087 932 3148 Cluverius
946 3091 978 3146 in
991 3089 1101 3152 Germ.

63 3206 176 3271 ants-5,
196 3204 254 3270 37.
273 3210 306 3272 p.
323 3190 407 3264 650.
425 3189 456 3251 b.
475 3201 563 3269 putat
577 3188 636 3248 ess'e
655 3188 863 3258 Sicco-Susa,
892 3184 1107 3287 Doffruficid,

62 3292 240 3379 Biischiog.
253 3291 350 3352 ‘Ian
328 3288 439 3379 g‚fieid
467 3291 664 3351 Manriortin
682 3290 799 3373 Geogr.
819 3291 896 3352 T.
878 3311 998 3376 J..pag
1016 3293 1100 3370 356.

10 3408 24 3423 ·
64 3395 173 3459 ltioten
196 3396 283 3454 inter
297 3393 446 3454 Suedium
462 3404 493 3453 et
509 3393 727 3476 Norwegiarn.
783 3391 866 3452 Mela
878 3332 985 3453 sinum
1000 3393 1104 3455 Coda-

10 3498 15 3509 '
64 3517 139 3558 num
152 3514 264 3579 prope
289 3493 494 3578 Norwegism
525 3508 651 3575 ponere
668 3478 815 3562 videtur,
848 3509 880 3554 et
902 3495 942 3555 fic
962 3509 1046 3556 recte
1070 3509 1104 3557 et

65 3598 122 3660 tine
135 3597 219 3664 saltu
236 3614 294 3677 per
310 3608 423 3656 terram
444 3593 527 3658 facto
544 3597 622 3655 dicit
636 3587 735 3684 super
749 3593 823 3658 Atbr'
813 3617 866 3658 rm.
912 3586 1114 3659 Ιῐιῑεῐίοῐθῐῐι1

65 3704 165 3763 umen
201 3700 275 3762 eius
306 3698 525 3779 cognitionem
550 3699 698 3757 nondum
724 3695 881 3775 habuisse,
925 3699 1019 3759 docet
1051 3698 1112 3775 defi

67 3800 204 3886 scriptio.'
254 3798 332 3860 Non
350 3801 437 3858 enim
459 3800 599 3878 undique
621 3798 786 3882 angustum
804 3798 846 3858 cst
866 3788 943 3858 illud
956 3790 1051 3863 'mara
1072 3778 1112 3861 st'

68 3922 112 3983 por
131 3903 238 3971 stetu,
266 3899 317 3983 scd
337 3898 406 3960 satis
423 3902 516 3960 etiarn
535 3902 595 3960 late
618 3902 701 3960 inter
717 3900 867 3960 Suedium
884 3915 916 3959 et
931 3898 1105 3963 liorusstum

68 4021 153 4084 patet.
194 4003 272 4068 Vici
289 3978 421 4064 Cinver.
442 4020 514 4084 pag.
532 4001 615 4080 649.
633 4021 659 4063 c.
677 4002 697 4065 l.
725 4014 756 4063 et
774 4011 852 4081 quae
875 4003 1106 4084 prolixiusdia·
1199 4009 1202 4013 ’

107 4125 204 4199 Pomp·
216 4119 314 4176 Meta
333 4117 412 4189 Eaceg
397 4131 449 4169 raro
466 4117 502 4171 L
515 4118 567 4170 tit.
820 4103 848 4166 Ο

436 4226 446 4255 0
