2558 4606
193 382 254 460 tat
457 369 622 436 noran
663 366 971 443 aaaoarrcan

196 552 367 616 Britannus
381 569 419 613 ex
436 549 535 612 Gallia
551 547 670 612 venisse
687 540 793 632 putat,
821 547 872 611 led
888 552 922 610 et'
934 542 1167 613 Britannorum
1184 544 1244 615 no'·

198 674 275 717 men
295 653 371 715 inde
389 655 487 735 petit,
520 672 595 714 cnm
620 651 768 713 Britanni
789 648 943 713 in‘Gallia
969 666 1136 715 occurrant
1158 654 1246 736 apud

198 755 284 820 Plin.
300 766 334 834 4,
355 769 413 832 31.
433 752 452 817 i.
475 768 530 827 17.
553 752 732 834 referatque
756 750 967 825 Cluverinm,
994 756 1050 837 qni
1073 756 1108 817 in
1132 754 1243 818 Germ.

200 872 265 921 ant.
283 874 316 925 n,
335 872 392 932 27.
415 854 552 917 malebat
573 856 620 917 ibi
641 856 793 917 Britanni.
837 852 888 917 cf.
914 857 1010 918 etiam
1034 854 1245 920 cambdenus

201 961 237 1021 in
252 960 435 1021 Britanniae
451 958 635 1040 principio,
650 958 704 1018 cni
725 959 813 1019 idem
827 957 968 1021 videtur.
995 957 1089 1047 ¹Hinc
1105 972 1138 1019 et
1150 958 1248 1023 urbea

201 1060 383 1145 Belgarum,
400 1058 596 1129 Atrebatum,
613 1072 905 1121 commemorantur
918 1060 952 1119 in
963 1060 1122 1121 Antonini
1138 1061 1247 1127 itiner.

202 1183 236 1246 p.
256 1174 342 1242 478.
381 1156 511 1222 Wullrs
527 1159 548 1222 l.
569 1159 677 1222 Galles
695 1180 752 1250 per
768 1159 910 1241 iptorum
931 1162 1074 1247 linguam
1093 1160 1160 1224 hnc
1178 1165 1249 1253 qui·

204 1264 279 1325 dam
298 1260 457 1335 referunt,
483 1274 518 1324 et
531 1263 643 1344 Kpmri
659 1259 679 1322 l.
696 1262 812 1323 Kumri
830 1263 863 1322 in
886 1282 922 1325 ea
941 1262 1091 1349 regione,
1118 1263 1161 1325 de
1179 1267 1250 1347 qni·

179 1395 182 1401 ·
204 1364 265 1428 bue
280 1365 450 1429 Schloezer
465 1364 590 1449 allgem.
609 1360 785 1425 Nordische
803 1361 991 1452 Gelchichte
1009 1350 1140 1449 page.
1160 1375 1247 1449 348.

203 1480 237 1530 et
268 1486 350 1549 quae
383 1466 520 1528 omnino
547 1465 664 1527 adtulit
698 1460 933 1545 Schroackhiua
965 1466 1005 1529 ad
1030 1466 1173 1530 Guthrie
1197 1502 1250 1519 -

204 1568 329 1654 allgem.
347 1559 460 1629 Geich.
477 1567 551 1630 Vol.
571 1579 628 1645 15.
651 1564 688 1628 P.
711 1585 740 1630 ι.
762 1583 834 1657 pag.
851 1578 876 1647 4
891 1565 933 1650 tq.
986 1568 1037 1631 De
1057 1567 1198 1633 Gallicae
1215 1581 1250 1633 et

150 1738 154 1745 ,
204 1669 406 1733 Britannicae
425 1669 553 1752 linguae
569 1669 763 1755 cognatione
781 1667 903 1731 dialerit
924 1672 1021 1732 etiarn
1038 1668 1249 1737 Cambdennr

205 1773 241 1834 in
261 1772 425 1833 Britannia
449 1790 483 1850 p.
500 1784 520 1845 7
539 1768 601 1851 sqq.
654 1764 738 1830 Ante
758 1770 879 1834 lulium
902 1769 1066 1834 Gaesarem
1081 1770 1184 1854 ,plane
1201 1774 1248 1837 in·

207 1873 370 1957 cognitam
386 1869 485 1942 fuiffe',
509 1871 640 1932 tradunt
654 1870 770 1953 pluteo,
788 1872 889 1933 veluti
905 1874 1040 1963 Diodor.
1057 1872 1121 1965 Sic.
1137 1858 1174 1953 3,
1190 1884 1247 1955 88.

205 1974 272 2037 Dio
292 1987 350 2054 59,
371 1986 430 2050 50.
450 1971 548 2044 adeo,
581 1985 619 2032 ut
643 1970 696 2033 hic
720 1972 900 2035 dubitatum
930 1974 1009 2037 olim
1038 1973 1100 2038 elle
1115 1974 1247 2049 ¹scribat,

206 2087 317 2138 utram
332 2087 413 2136 terra
431 2071 527 2161 luerit
542 2074 721 2145 continent,
745 2093 786 2136 an
802 2073 912 2146 inlula,
936 2074 1111 2159 priscisque
1122 2076 1249 2147 Graecia

208 2190 242 2240 et
270 2176 426 2238 Romania
456 2194 568 2257 parurn
594 2172 796 2258 compertum
822 2166 937 2249 fuerit,
970 2196 1040 2239 eam
1066 2176 1145 2244 elle:
1191 2180 1250 2245 llle

210 2292 244 2358 5,
263 2294 322 2341 aa.
346 2296 406 2338 nec
422 2275 601 2349 Bacchum,
628 2297 689 2339 nec
708 2277 880 2341 Herculem
901 2268 1161 2344 aliumve'heroa
1181 2300 1250 2345 eam

209 2378 358 2450 tentalle,
382 2392 436 2439 ant
458 2378 566 2440 adiille
582 2379 736 2464 adfirmat.
774 2377 824 2442 cf.
841 2381 973 2443 Sueton.
993 2382 1025 2441 in
1041 2364 1131 2447 Cael.
1146 2402 1175 2447 c.
1192 2394 1249 2463 25.

209 2494 243 2545 et
266 2473 500 2543 Emmeneffiue
522 2481 560 2541 ad
582 2481 693 2565 Virgil.
717 2473 774 2544 ecl.
794 2502 829 2552 a,
853 2482 912 2557 67.
942 2481 998 2541 nbi
1025 2482 1147 2556 docet,
1167 2498 1250 2548 extra

210 2583 323 2645 orbem
347 2582 434 2643 fitam
460 2580 585 2653 dixille,
616 2582 788 2645 Britannos
814 2580 897 2664 ipsae
918 2584 1062 2647 ultimoa.
1113 2584 1250 2650 lniulam

209 2696 318 2746 tamen
345 2682 421 2754 elle,
454 2682 511 2745 etsa
535 2702 603 2745 non
625 2685 926 2768 circumnavigavit,
960 2686 1116 2771 cognovit
1142 2686 1250 2752 Caesar

210 2785 325 2866 aliique
347 2796 475 2855 vocant.
518 2781 570 2847 Cf.
595 2784 634 2845 ad
656 2787 756 2856 Dion.
774 2800 831 2864 39,
856 2798 914 2863 50.
940 2786 1113 2851 Fabriciue.
1166 2790 1250 2853 Hinc

210 2889 312 2949 alium
340 2899 491 2948 terrarum
518 2885 632 2948 orbern
658 2881 768 2970 paffim
795 2902 925 2951 vocant.
967 2885 1018 2951 Cf.
1040 2890 1081 2949 ad
1109 2890 1198 2954 Flor.
1218 2906 1249 2972 3,

215 3009 272 3059 ιο,
293 2989 348 3052 ι6.
387 2989 532 3049 Primum
556 3002 664 3050 autem
685 2990 766 3050 mari
786 3008 855 3050 eam
871 2990 1015 3073 undique
1031 2990 1251 3055 circuminlam

209 3090 270 3152 elle
295 3091 451 3173 cognovit
477 3090 577 3152 lulius
602 3091 760 3174 Agricola.
793 3088 878 3175 (Dio
896 3089 954 3163 66,
977 3106 1037 3155 20.
1063 3094 1196 3157 Tacitae
1217 3095 1249 3157 in

210 3192 356 3276 Agricola
376 3211 403 3253 c.
421 3182 475 3254 to·
493 3204 526 3252 et
543 3193 622 3269 38.)
660 3192 780 3254 Contra
801 3205 909 3254 tamen
926 3192 1103 3256 Bochartue
1120 3198 1156 3258 in
1171 3196 1250 3283 cha

210 3312 291 3354 naan
312 3313 342 3363 1,
367 3306 424 3371 59.
452 3292 583 3373 operol'e
615 3293 769 3355 adlirnere
799 3294 931 3366 nititur,
968 3295 1151 3361 Phoenice·
1181 3318 1249 3361 eam

149 3474 153 3487 1
211 3393 317 3455 adiille
338 3407 371 3455 et
394 3394 577 3477 cognoville
598 3407 728 3477 propter
755 3394 857 3461 stanni
884 3400 1132 3471 commercium,
1146 3400 1251 3483 *quod

211 3514 251 3557 ex
266 3491 503 3557 Caffiteridibns
518 3496 686 3577 petierint,
708 3509 741 3558 et
755 3496 827 3558 aliae
842 3500 991 3578 quaedam
1007 3497 1127 3571 causae,
1150 3502 1250 3565 unde·

211 3615 333 3678 quaque
353 3599 477 3678 petitae.
530 3598 612 3658 Addi
626 3597 742 3677 potell,
768 3600 855 3679 quod
873 3600 1000 3661 Solinus
1016 3612 1074 3677 25.
1091 3599 1113 3664 l.
1130 3616 1191 3669 22.
1212 3622 1251 3666 ex

211 3718 261 3759 ara
278 3680 413 3759 Graecis*
423 3698 521 3759 literis
537 3711 616 3758 voto
632 3697 776 3779 inscripta
792 3700 925 3781 probare
939 3715 1084 3773 conatur,
1110 3704 1249 3785 Ulyllem

208 3801 243 3860 in
261 3800 452 3860 Caledoniae
466 3798 580 3860 receffu
597 3796 685 3859 inille
708 3799 894 3881 artpultumg
922 3802 1047 3863 Graecia
1064 3801 1162 3865 etiam
1178 3822 1249 3870 ante

210 3902 448 3981 expeditionem
471 3902 495 3963 l.
513 3899 648 3963 Cael'aria
670 3900 842 3963 innotnilie
859 3904 936 3963 dicit
951 3904 1092 3972 Plinius,
1120 3898 1249 3969 teliatnr'

207 4002 336 4087 linguae
349 3999 574 4071 Graecaeulna,
593 4002 756 4085 religionis
767 4003 877 4064 eadem
893 4005 926 4064 in
942 4005 1053 4067 multia
1066 4008 1160 4072 ratio.
1186 3986 1253 4074 Sed'

205 4124 248 4168 an
271 4104 462 4168 commercia
481 4103 605 4191 egerint
626 4122 702 4166 cnm
719 4104 882 4193 Britannia
900 4106 1012 4171 Graeci
1036 4106 1135 4182 olim,
1160 4110 1249 4195 ¹quod
