2558 4606
185 359 236 419 ut
263 358 400 460 auur.
429 361 539 423 nac.
564 361 617 421 r..
637 364 691 425 m.
732 361 766 421 c
791 364 868 455 un.
909 364 988 449 t·,6·
1052 381 1117 449 539

67 531 262 622 (Agatheia.
282 552 313 608 a.
333 534 387 620 6.)
423 535 536 603 Versus
552 536 653 599 sanum
669 536 830 601 Persicum
841 541 1026 624 adtingebat
1041 542 1117 606 tira-¹
1205 538 1210 547 ’

67 636 157 700 biam
174 637 336 701 desertam.
362 640 470 717 (idem
487 657 520 709 a.
542 642 620 716 ar.)
659 641 706 703 lta
728 661 847 725 nempe
864 662 902 706 ex
919 644 1036 724 triplici
1055 664 1112 726 po·
1136 668 1146 723 g

66 738 235 803 saiorum
260 741 428 804 divisione.
481 743 583 827 Igitur
604 722 842 823 reliquae'duae
866 743 995 806 Arabiae
1018 760 1109 829 erant

65 843 104 904 ad
120 837 385 925 septemtrionem
403 841 494 913 sitae.
521 845 561 904 de
578 861 642 924 quo
662 844 728 906 vid.
744 845 923 912 Marciauue
935 849 970 906 iu
984 848 1107 929 periplo

64 941 450 1028 pag.15.(etl.Huds.)
477 946 532 1027 qui
559 945 636 1006 linea
656 942 804 1009 describit
830 950 1022 1018 accuratius,
1059 949 1110 1011 uti
1159 974 1163 981 ·

40 1096 43 1101 .
62 1042 272 1109 Ptolemaeus
289 1044 323 1115 6.
339 1061 373 1119 7.
406 1048 456 1108 De
474 1046 670 1130 aliiepostea.
703 1047 866 1111 Hudie'ab
882 1049 1035 1110 arabibus
1050 1069 1109 1113 vo·

46 1151 155 1207 'catttr
173 1149 310 1218 lanian.
336 1147 390 1210 vel
413 1149 535 1217 Iemen.
562 1148 615 1210 vel
634 1147 759 1212 Yernen.
818 1150 909 1212 Olim
931 1149 1108 1215 secundum

62 1248 255 1311 Strabonem
279 1249 333 1312 16.
357 1270 387 1330 p.
405 1263 490 1329 588.
514 1249 535 1311 Γ.
554 1261 637 1327 789.
659 1251 788 1330 quidam
809 1251 956 1313 Arabiam
980 1250 1108 1315 felicem

63 1350 98 1413 iu
121 1363 143 1428 5
168 1369 286 1435 regna.
316 1351 369 1411 vel
391 1370 489 1436 pagos
511 1346 725 1429 (βασιλείας)
747 1349 939 1425 diviserunt.
965 1374 1108 1435 quorum

64 1472 151 1517 unue
168 1451 337 1515 bellaturae
351 1451 480 1522 habuit.
505 1452 584 1515 aliua
605 1454 773 1536 agricolae.
797 1455 908 1515 tertius
924 1458 1058 1518 artifices
1072 1469 1107 1518 et

63 1554 213 1636 opisicee.
243 1565 371 1636 quartue
392 1554 553 1632 myrrham
578 1556 670 1624 tulit.
705 1555 838 1616 ultimae
861 1568 922 1616 tue.
974 1558 1106 1638 Regum

22 1647 28 1665 ’
61 1668 155 1717 autea
172 1657 209 1716 fit
229 1658 370 1726 mentio.
396 1669 489 1717 etex
506 1657 652 1738 populu,
678 1656 733 1741 qui
751 1654 841 1738 supra
859 1657 985 1735 Syriam
1007 1658 1105 1740 primi

62 1775 132 1819 eam
157 1757 319 1827 incolunt.
346 1772 566 1819 memorantur
583 1748 734 1818 Nabataei
749 1770 781 1817 et
797 1756 918 1820 Sabaei.
971 1759 1106 1820 Illorum

62 1858 364 1941 metropolimdum
384 1859 462 1919 dicit
477 1861 623 1929 Petram.
636 1859 742 1943 ‚latina
759 1858 798 1918 fic
812 1860 941 1919 extendi
957 1859 1105 1922 Arabiam

59 1957 197 2029 salicem,
219 1962 357 2044 adparet.
414 1959 565 2022 Nabataei
596 1961 689 2022 enim.
711 1958 896 2021 habitabant
930 1961 968 2020 ad
999 1960 1104 2021 linum

60 2061 275 2129 Aelaniticum
292 2076 325 2124 et
341 2062 417 2123 inde
435 2059 601 2145 superine
592 2083 625 2121 tn
644 2063 892 2132 mediterraneis.
917 2061 973 2120 ubi
992 2061 1105 2124 Arabia

61 2160 194 2226 Petraea
217 2163 450 2245 postponitur.
495 2163 723 2227 viantortor.
747 2164 952 2239 Sicart,5.
983 2176 1016 2240 5.
1040 2175 1103 2242 45.

61 2261 148 2328 Plin.
169 2275 203 2342 5.
224 2280 279 2328 ta.
295 2264 314 2325 l.
340 2284 394 2328 tt.
423 2266 456 2334 6,
474 2262 572 2344 52.s.
595 2275 650 2341 ..8
678 2279 711 2325 et
731 2282 811 2344 quaa
833 2265 972 2347 conlegit
990 2265 1106 2325 Relan·
1209 2334 1215 2347 ι

62 2366 148 2428 due
138 2386 174 2427 ru
192 2365 414 2436 Palaestinat.
437 2382 491 2438 ι7.
513 2387 545 2446 p.
564 2366 622 2428 66.
674 2363 828 2428 Ceterum
848 2364 954 2451 plures
970 2367 1104 2427 Arabiae

61 2465 163 2529 seiicie
185 2469 323 2550 populor
343 2466 483 2528 recenset
507 2466 710 2530 Ptolemaeus
730 2468 762 2534 6.
782 2480 814 2540 7.
836 2481 868 2527 et
885 2466 969 2529 Plin.
987 2464 1020 2537 6.
1041 2480 1102 2542 32.
1135 2455 1137 2460 ⁵

59 2567 82 2632 Γ.
101 2581 162 2646 98.
186 2569 319 2649 aliique.
347 2569 528 2648 etliparum
550 2569 663 2627 necin
684 2567 870 2628 nominibus
885 2586 996 2629 eorum
1006 2611 1015 2640 .
1043 2588 1104 2630 neo

59 2671 93 2731 ln
113 2662 177 2733 'dtu
198 2669 254 2730 sibi
280 2669 433 2732 constant.
492 2668 543 2730 De
566 2668 693 2729 illorum
716 2668 861 2729 moribus
884 2671 974 2750 plura
999 2668 1103 2731 adfert

59 2772 148 2834 idern
166 2769 429 2852 insequentibus,
453 2789 531 2851 quae
547 2771 599 2831 vel
616 2770 765 2838 reddidit.
791 2771 843 2831 vel
861 2770 988 2839 aliunde
1010 2772 1101 2833 auxit

26 2943 29 2953 ¹
60 2857 189 2937 Caelina
213 2873 416 2957 Rhodiginua
438 2873 471 2932 iu
492 2873 578 2936 lectt.
603 2871 738 2950 antiquie
762 2883 814 2946 13.
838 2881 894 2948 55.
948 2871 1033 2931 Nota
1056 2872 1104 2932 esl-

20 3005 23 3017 =
59 2968 275 3065 insel'ix'rielii
299 2974 382 3035 Galli
407 2971 461 3032 sub
487 2971 627 3058 Augusto
648 2972 828 3054 expeditio,
862 2990 955 3053 quam
975 2973 1100 3054 prolixe
1135 3024 1137 3029 ,

58 3077 172 3142 Strabo
188 3074 334 3138 describit
355 3076 411 3139 16.
429 3096 461 3159 Ρ.
478 3077 563 3154 556.
580 3072 601 3136 s.
618 3087 701 3152 730.

133 3272 338 3372 ungusta)
319 3276 571 3361 )Secundum
587 3271 765 3337 Marciau.
756 3298 789 3334 ur
805 3275 926 3357 periplo
948 3252 1019 3358 pag.
1042 3275 1100 3342 16.

61 3380 204 3461 (Huds.)
228 3374 358 3446 πλάτος
381 3401 421 3443 ue
401 3373 498 3443 α’δια
518 3362 626 3455 8856.
655 3373 816 3438 Latissiura
831 3378 882 3446 est,
901 3376 975 3438 teste
990 3377 1099 3439 Plinio

61 3487 94 3557 6.
117 3498 179 3565 32.
204 3480 226 3546 Γ.
251 3491 311 3559 98.
336 3473 606 3566 aseptemtrione
631 3477 714 3542 iuter
745 3481 861 3563 oppida
893 3479 1037 3541 Heroum
1063 3491 1100 3541 et
1144 3488 1147 3499 '

59 3586 247 3651 Characem.

134 3785 345 3871 cinnami)
390 3783 484 3861 saleru
509 3784 595 3871 qumi
617 3783 864 3854 circumuentum.
890 3782 978 3845 unde
1001 3781 1099 3846 etiam

60 3891 94 3955 iu
115 3891 207 3954 librie
226 3891 367 3953 variatur
389 3890 471 3970 apud
489 3891 589 3952 Suliu.
607 3907 673 3969 cap.
691 3901 748 3962 8ο.
767 3886 787 3948 Γ.
807 3896 864 3964 88.
887 3897 1019 3947 notante
1034 3882 1099 3946 Sal·
1212 3879 1215 3888 “

56 3994 205 4076 maliop.
222 4009 268 4057 ra.
285 4002 369 4073 285.
420 3992 527 4053 Immo
543 3990 668 4051 Graecia
687 3987 789 4050 solum
807 3989 952 4048 usitatum
975 3974 1018 4048 e'sl
1038 4002 1102 4048 ata·

59 4091 232 4241 reputata.
239 4095 334 4187 qued
349 4093 447 4179 etiam
461 4093 589 4181 adparet
598 4111 654 4161 aa
648 4090 736 4266 lap·
752 4086 941 4175 paradella
930 4108 967 4155 ω
975 4086 1099 4179 tribua
1179 4114 1184 4129 ·

748 4204 772 4268 2
836 4204 841 4213 .
