2558 4606
143 302 152 336 ·'
196 328 419 392 turona.
448 334 557 395 nrt.
599 333 711 395 ant.
752 334 860 399 avt
900 334 980 413 so
1052 282 1116 413 ’ἧι

63 502 144 572 dem
165 502 257 567 favet
270 525 396 573 namen
418 504 620 575 hodiernum
634 510 730 595 supra
750 525 993 579 memoratum,
1019 502 1111 593 quod

63 602 271 695 abantiquis
291 626 509 697 propagatum
524 627 558 675 et
571 627 746 697 exceptum
760 608 922 679 videatur.
963 612 1004 673 tt
1017 606 1110 671 idem

56 704 237 787 ,amaseni
263 708 363 775 etiam
390 712 486 797 pollit
510 714 552 776 ad
577 711 771 787 islandiam,
806 715 845 789 a,
879 709 970 801 quod
991 710 1109 773 Ponta-

64 830 130 875 nus
152 830 181 874 c.
203 812 225 874 l
249 833 283 897 p.
298 816 382 896 746.
401 830 513 891 notat,
543 814 701 880 exstantes
723 813 850 901 scopuli
872 812 960 877 cirea
980 807 1109 874 Daniae
1167 808 1170 813 ’

62 910 270 997 Norwegiae
296 935 368 978 oras
403 915 542 981 omnino
578 918 694 1005 Thnyls
726 918 941 1003 adpellantur.
1007 910 1110 999 Quod

64 1010 255 1088 abiiciunt,
289 1016 469 1081 islandiam
499 1017 692 1083 hominibus
718 1040 860 1084 vacuam
888 1031 922 1081 et
947 1016 1110 1078 desertam

62 1112 177 1190 fuisse,
203 1136 267 1181 nec
286 1134 362 1183 anta
383 1140 508 1183 annum
528 1119 649 1185 Christi
666 1132 750 1204 874.
768 1119 829 1184 ulli
845 1115 1032 1205 cognitam,
1059 1112 1110 1177 in·

62 1214 166 1303 fregit
186 1218 273 1283 hana
293 1217 538 1301 dubitationem
557 1239 671 1288 contra
689 1226 790 1287 Ionas
807 1217 974 1307 Arngrimi
991 1214 1110 1281 slmiles

63 1316 310 1406 disputationes
336 1323 506 1387 Pantanus
528 1346 600 1411 pag.
619 1338 704 1405 753.
755 1326 919 1388 incultam
942 1318 1043 1385 etiam
1067 1318 1110 1380 ad

63 1436 198 1507 tempus
219 1418 306 1485 illud
326 1424 483 1489 concedit
503 1424 693 1490 Harduinus
715 1426 757 1490 ad
779 1423 864 1489 Plin.
879 1436 916 1505 4,
933 1440 991 1503 30.
1008 1423 1031 1487 s.
1053 1420 1109 1485 16·
1136 1460 1139 1465 ·
1232 1491 1242 1509 ,1

62 1518 273 1607 incognitam
292 1522 385 1591 fuisse
404 1542 513 1613 negat.
556 1529 656 1614 Quod
672 1525 796 1591 Martin
811 1524 849 1588 in
864 1524 937 1591 hist.
952 1524 1009 1589 des
1025 1524 1111 1585 Gau·

63 1622 114 1689 set
132 1626 175 1691 T.
196 1647 226 1693 ι.
248 1646 282 1711 p.
300 1638 381 1709 ¹59·
405 1644 474 1693 not.
492 1650 520 1693 c.
546 1631 656 1694 Gallos
675 1627 750 1693 suas
774 1647 814 1691 eo
836 1624 947 1699 ducit,
975 1621 1057 1688 sacit
1073 1619 1112 1683 id

63 1724 205 1813 quidem
224 1724 284 1790 suo
304 1746 399 1794 more
420 1744 453 1792 et
470 1728 591 1816 patriae
613 1729 736 1817 cupido
757 1726 858 1793 nimis
873 1724 990 1793 studio.
1040 1725 1113 1788 Nec

62 1828 208 1909 Pytheas
223 1848 264 1891 etr
281 1833 465 1915 prapofito,
490 1832 545 1897 sed
565 1849 689 1897 temere
707 1828 822 1919 potius
838 1846 872 1894 ct
886 1830 962 1894 casu
978 1827 1019 1890 ad
1036 1844 1111 1903 eam

65 1929 215 2017 adlapsus
229 1925 383 2005 videtur,
413 1931 473 1997 ubi
495 1932 571 1998 talia
591 1934 632 1997 acl
647 1932 921 2019 disceptationem
936 1926 1021 1994 trahi
1039 1942 1111 1989 non

63 2032 306 2119 possunt,ets1
328 2030 455 2098 incolas
477 2057 555 2098 eum
577 2033 626 2099 ibi
647 2032 896 2199 dseprehendisse
916 2054 956 2095 ex
973 2022 1111 2095 Gemini

63 2132 198 2223 isagoge
215 2153 287 2219 cap.
303 2148 337 2213 5.
359 2137 513 2221 adparet,
542 2134 631 2201 ubi
620 2160 655 2225 tp
659 2138 689 2200 sa
705 2138 849 2219 Pytheas
865 2136 965 2198 verba
981 2134 1111 2196 datttur.

62 2224 173 2303 ¹Aliam
190 2232 291 2299 etiam
305 2257 343 2299 ac
358 2229 575 2323 Norwegiam
590 2236 755 2303 intellexit
766 2234 908 2311 Plinius,
927 2258 985 2323 qut
998 2245 1034 2314 4
1052 2246 1112 2311 5ο.

63 2338 168 2403 ίζι6.
193 2335 386 2413 aseanrtia,
419 2340 441 2403 s.
465 2338 697 2416 scandinavia,
733 2336 812 2404 alibi
834 2342 953 2423 Bergo,
985 2330 1112 2449 Νειὶςο

63 2436 257 2523 distinguit,
285 2454 319 2502 et
334 2461 351 2502 a
366 2437 510 2527 Neriga,
542 2463 641 2528 quam
655 2438 875 2535 Norwcgiam
899 2439 960 2504 else
981 2434 1039 2499 vix
1054 2433 1113 2497 dn·

63 2535 165 2605 bitari
182 2540 299 2654 pptest,
321 2538 475 2625 (Noreg
465 2564 501 2605 m
521 2542 694 2607 annalibus
709 2538 933 2625 selandicis)
922 2562 959 2603 tn
977 2538 1115 2602 Thulen

64 2639 219 2729 navigari
241 2640 400 2706 adfirmat.
450 2645 489 2707 Iu
505 2664 572 2729 quo
587 2660 781 2729 argumento
798 2641 992 2714 evertendo,
1015 2635 1115 2715 ¹tarint

64 2746 202 2835 pondus
219 2740 381 2818 sentiunt,
405 2742 492 2809 mire
511 2745 543 2807 se
563 2760 722 2833 torquent
734 2743 939 2829 Norwegiac
956 2744 1115 2813 fautores,

65 2849 122 2913 vel
142 2842 334 2931 simpliciter
354 2862 486 2930 negant.
549 2848 640 2909 Tum
662 2867 742 2910 vero
765 2844 898 2932 egregie
921 2846 1118 2929 suffragetur

68 2948 274 3051 adiuvatque
289 2948 390 3021 Mela,
417 2948 695 3033 fiprolecarum
711 2950 799 3033 legas
821 2950 1010 3029 Bergomm,
1035 2962 1118 3031 qua·

66 3068 148 3117 rum
148 3042 260 3115 litari
278 3050 440 3135 obponts,
466 3047 525 3113 nin
547 3047 609 3113 alia
628 3034 772 3121 abilent,
800 3050 841 3111 de
859 3045 979 3134 quibus
996 3046 1038 3111 sd
1058 3038 1118 3110 fin.

68 3150 171 3219 allud
187 3166 420 3235 argumentum
435 3153 477 3215 de
498 3150 640 3215 Islandia
654 3148 777 3236 repetit
792 3152 987 3213 Mannertus
1006 3171 1040 3235 p.
1031 3157 1119 3223 ..8ι

70 3274 112 3321 ex
138 3253 284 3341 Pylheae
308 3250 438 3329 reditu,
470 3251 547 3341 qui,
580 3249 843 3339 li..Norwegiam
866 3245 1121 3335 tetigissemus}

70 3376 163 3423 mara
180 3352 269 3417 inter
284 3350 388 3439 ipsam
402 3371 435 3419 et
446 3352 652 3420 Britanniam
667 3352 882 3420 interiectum
898 3374 975 3417 cnm
989 3352 1120 3415 suruma

70 3454 224 3547 periculo
247 3452 425 3541 relegisset,
456 3456 512 3522 sed
530 3455 644 3543 potius
667 3454 760 3521 iuxta
781 3454 879 3520 litora
895 3451 1121 3539 renavigasset,

71 3578 158 3649 quaa
182 3558 225 3621 ad
249 3557 357 3645 Gades
379 3579 484 3644 usque
512 3556 747 3645 porriguntur3
786 3574 859 3623 tum
881 3576 962 3619 vero
986 3556 1123 3617 Thulen

71 3660 215 3727 insulam
239 3674 356 3745 putare
380 3656 520 3723 minime
543 3658 716 3745 potuissem
755 3663 811 3722 etsi
835 3656 1042 3723 Britanniam
1063 3675 1124 3740 pet

73 3764 200 3833 fretum
225 3777 340 3825 vectus
362 3760 461 3826 facile
486 3760 656 3849 adtingere
681 3777 831 3848 pateram
873 3781 983 3847 neque
1004 3756 1124 3823 diserte

69 3842 230 3943 insulam
240 3879 418 3929 vocaverat
437 3864 515 3927 telle
538 3865 737 3928 Strabonea
742 3886 802 3949 p.
821 3872 880 3939 78.
897 3862 918 3925 s.
938 3871 1018 3943 114.
1058 3860 1126 3924 Nsslr

64 3967 169 4055 ¹garrit
190 3982 303 4031 tamen
324 3962 425 4029 etiam
445 3962 692 4031 d’Anvillec.l.
713 3986 787 4053 pag.
778 3974 888 4045 ,4.4ι
909 3959 1127 4027 lalandiama

75 4070 204 4171 syrites
226 4062 396 4168 cognitam
415 4064 528 4146 ffisse,
553 4086 656 4161 quem
666 4064 746 4134 vide
761 4068 804 4135 da
818 4064 959 4133 Islutmia
973 4060 1126 4155 pluribus
