2558 4606
89 394 93 403 1
164 384 230 451 ern
338 385 343 394 ·
436 358 601 435 norae
639 370 979 477 praeamara·
1050 450 1053 461 Ι
1141 400 1144 413 ·

162 552 204 616 ln
221 549 341 633 Geogr.
357 548 506 612 Ravenn.
518 559 551 626 5.
569 560 627 629 50.
644 548 780 610 occurrit
795 545 894 609 infula
910 547 1058 618 Secutae
1080 562 1212 630 querna

127 702 130 716 .
162 653 310 739 piurimit
332 648 570 735 cosmographIa
585 651 751 732 antiquam¹
762 650 927 729 Scythiam
942 648 1132 732 adpellatam
1148 646 1229 711 effe·

163 741 254 820 dicit.
306 753 433 815 inillis
459 754 547 815 enirn
578 752 721 833 partibua
751 749 923 814 coalescere
949 742 1053 814 solent
1077 751 1213 813 nomina

165 854 376 939 Scytharum,
403 854 616 917 Sarmatarum
640 854 947 938 Ingaevonumque,
979 853 1051 922 vel,
1085 851 1142 934 qui
1172 870 1214 917 ex

164 957 222 1020 iiia
241 969 339 1040 gente
364 953 513 1026 fuerunt,
544 957 784 1018 Teutonorum.
837 956 906 1016 lam
926 972 1109 1036 vero-quae
1125 952 1160 1015 h.
1176 953 1221 1018 ut·

164 1057 339 1129 scandina.
374 1057 506 1120 Cluver.
523 1077 551 1118 c.
566 1057 589 1120 1.
610 1076 642 1138 p.
662 1053 746 1136 654.
770 1069 809 1117 ut
825 1055 942 1120 Cellar.
956 1055 990 1118 in
1007 1055 1127 1141 Geugr.
1145 1066 1214 1120 aut.

166 1174 203 1230 a.
226 1170 259 1237 5.
282 1171 342 1236 81.
370 1158 505 1222 eandem
526 1159 623 1219 etiam
640 1159 757 1220 dictam
774 1155 834 1220 ess'e
850 1170 944 1241 putat
963 1170 1054 1219 antea
1067 1147 1215 1220 Baition

118 1297 125 1307 κ
165 1261 222 1324 vel
234 1256 410 1352 Basiliam,
435 1260 512 1344 (hoc
526 1257 679 1322 vitiosum
693 1259 790 1321 habet
804 1259 971 1345 Pontanua
987 1280 1013 1321 c.
1029 1259 1052 1320 i.
1069 1277 1102 1342 p.
1112 1253 1214 1340 706.)

165 1363 258 1425 cuiue
290 1360 479 1432 immensam
506 1362 763 1446 magnitudinem
789 1362 973 1443 praedicent
997 1379 1038 1423 ex
1062 1372 1215 1429 veterum

165 1464 354 1527 maturitate
370 1464 455 1546 Biia.
472 1474 507 1543 4.
530 1478 585 1537 17.
605 1460 625 1527 i.
648 1477 702 1542 13.
733 1460 783 1524 sed
806 1463 829 1524 ii
852 1461 1106 1524 Scandinaviam
1127 1460 1213 1529 Plio.

114 1626 117 1633 ,
164 1584 195 1628 c.
218 1565 241 1629 l.
270 1563 395 1628 diverso
422 1563 510 1626 sensu
534 1566 616 1626 dixit
639 1564 699 1627 affe
721 1565 940 1646 incompertae
966 1562 1214 1648 magnitudinie.

57 1725 61 1738 ,
164 1684 264 1752 porro
285 1668 372 1730 iilam
392 1687 408 1728 a
432 1667 626 1746 Scytharum
649 1666 743 1727 litore
760 1664 858 1725 tridui
879 1653 1086 1753 navigatione
1107 1681 1214 1727 nmo-

164 1781 241 1839 vet.
265 1769 388 1844 (Diod.
407 1766 506 1829 sicul.
524 1779 557 1844 5,
574 1780 634 1845 23.
653 1767 699 1828 in.
722 1767 818 1826 etiarn
841 1766 1026 1851 inScythia
1042 1766 1154 1850 ponit,
1179 1777 1215 1828 et

143 1867 329 1933 'succinum
347 1869 421 1931 eiici
436 1870 472 1929 in
487 1868 667 1939 eam‘dicit,
691 1865 788 1950 quar'n
805 1868 932 1929 Timaei
945 1869 1216 1932 Bauuomeuuartr

163 1968 188 2036 I.
206 1972 411 2035 Raunoniam
428 1970 483 2031 alii
498 1982 612 2051 putant
628 1970 713 2052 apud
728 1969 866 2133 Phua,
886 1985 944 2045 27.
955 1967 977 2033 i,
993 1983 1049 2047 ιδ.
1071 1968 1131 2031 ubi
1145 1970 1216 2053 qui·

163 2073 242 2136 dem
257 2074 324 2136 vid.
344 2073 547 2149 Harduinut)
573 2084 606 2132 et
628 2072 705 2134 inde
718 2070 759 2132 ‘ad
777 2091 800 2153 p
864 2091 915 2132 arn
932 2070 1125 2134 Germaniae
1136 2090 1216 2158 gen·

166 2186 253 2245 tem,
288 2176 499 2259 Ingaevones,
532 2173 688 2255 procedit,
722 2171 860 2234 dubium
878 2170 953 2234 iacit
974 2173 1132 2244 maxime.
1159 2171 1215 2243 vei

112 2294 114 2302 ’
165 2275 338 2345 incertum.
358 2275 406 2335 uti
420 2275 551 2356 quidam
571 2273 612 2336 de
628 2273 772 2336 Clutorii
788 2272 942 2345 sententia
958 2275 1079 2336 iudicat
1095 2272 1214 2340 Wetre·

132 2394 135 2399 '
165 2377 237 2461 ling
258 2377 296 2437 ad
314 2376 412 2439 Diod.
428 2376 491 2438 sie.
507 2393 535 2436 c.
551 2374 574 2436 l.
624 2375 716 2436 ldern
738 2394 852 2458 porro.
878 2377 953 2458 quia
969 2377 1004 2436 in
1022 2377 1128 2439 nostro
1145 2388 1216 2441 tuo·

164 2491 219 2540 tur
232 2470 438 2552 coementa,
454 2476 537 2537 hanc
552 2473 709 2539 diversam
726 2476 832 2540 iiatuit
847 2498 863 2539 a
879 2476 1107 2548 scandinavia.
1124 2479 1215 2542 illam

165 2598 285 2663 nempe
301 2577 361 2647 effe
377 2577 588 2644 sialandiam.
619 2579 698 2663 yid.
719 2598 748 2649 ι.
767 2580 825 2642 26.
844 2599 915 2664 pag.
935 2592 1015 2656 185.
1068 2579 1216 2675 Maxime

164 2690 293 2752 autem,
315 2693 430 2763 utpote
448 2679 483 2741 in
498 2699 532 2742 re
549 2677 698 2752 obscura.
724 2681 878 2743 differunt
892 2684 1086 2743 recentiores
1103 2684 1139 2742 in
1154 2701 1213 2746 no·

164 2783 262 2845 unda
282 2781 342 2845 bac
363 2780 475 2845 insula.
528 2783 575 2842 lta
595 2780 727 2846 Cluver.
749 2782 858 2845 Germ.
882 2795 946 2846 ant.
964 2795 995 2867 3,
1016 2795 1074 2861 38.
1097 2786 1215 2867 penin-

165 2880 265 2948 datam
290 2883 352 2947 effe
385 2896 587 2967 compertum
623 2885 701 2944 dicit
736 2883 791 2945 iub
824 2885 1014 2947 nominibus
1038 2885 1213 2957 Biarmiue.

101 2968 104 2981 ¹
166 2987 334 3068 Lappiae,
366 2986 649 3069 Fiunomarclriue.
681 2986 838 3055 Borntae,
873 2985 1022 3055 Suedium
1061 3000 1095 3048 et
1128 2987 1215 3049 Non

166 3089 287 3170 aegide.
320 3089 364 3150 Et
379 3088 419 3149 fic
433 3087 547 3151 Cellae.
563 3106 590 3148 c.
605 3087 627 3150 1.
644 3108 679 3149 ea
695 3087 917 3169 complectitur
933 3088 1031 3150 hodia
1046 3088 1213 3162 Suedium.

79 3235 83 3243 -
165 3188 394 3275 Norwegiam‚
420 3191 634 3271 Lapponiann
668 3188 944 3261 Firrnmarchiam;
977 3190 1131 3252 aWadel
1147 3210 1175 3255 c.
1187 3190 1212 3258 1.

165 3287 279 3377 paffim
306 3291 457 3353 Suedium
483 3304 517 3351 et
539 3290 760 3371 Nonuegiarn.
799 3310 893 3372 quam
913 3304 1045 3353 uetares
1076 3290 1215 3354 insulam

82 3449 84 3457 ,
164 3388 325 3478 putarint,
361 3412 457 3474 quam
480 3392 520 3453 ad
542 3390 697 3454 Celticum
722 3391 864 3472 Pytheae
886 3390 992 3456 refert.
1045 3394 1084 3454 ln
1106 3411 1213 3476 eoque

166 3494 345 3560 consentire
363 3493 428 3558 fera
444 3506 590 3556 auctores
604 3495 798 3556 recentiorea
815 3493 895 3554 vidi.
921 3494 1087 3557 Pontanua
1103 3507 1214 3558 tamen

165 3598 203 3660 iu
224 3597 509 3682 chorogr.1)aniae
528 3594 625 3658 doicr.
642 3614 675 3678 p.
691 3596 776 3675 669.
800 3596 838 3655 ad
854 3594 1003 3689 Scaptium
1023 3596 1212 3677 (Schuuen)

27 3760 34 3768 ,
133 3686 139 3701 ’
167 3706 294 3763 tautum
316 3699 445 3783 redigit,
471 3710 514 3769 et.
538 3694 745 3760 dissentiente
764 3698 910 3779 quamtis
926 3695 1048 3769 Plinio,
1073 3698 1214 3762 Baltiam

166 3801 248 3866 oiim
269 3801 387 3865 dictam
408 3800 507 3864 etiam
532 3798 645 3862 credit.
697 3798 790 3862 idem
812 3811 920 3861 tamen
942 3799 1014 3861 init.
1035 3818 1108 3884 pag.
1122 3801 1212 3880 659.

166 3903 282 3966 latiore
298 3900 388 3969 ieuiu
404 3903 502 3966 eriam
518 3901 560 3963 de
574 3899 738 3984 Noraegia
757 3912 791 3962 et
814 3899 930 3962 Suedio
952 3920 1026 3962 curu
1042 3900 1214 3965 adiacenti-

165 4004 229 4069 bua
247 4007 312 4067 dici
330 4004 486 4068 adfirmat.
524 4001 587 4065 Sed
602 4001 700 4064 nimia
714 4000 850 4088 longam
865 4000 909 4064 est
930 4002 1041 4064 omnia
1059 4002 1112 4065 hic
1138 4019 1214 4067 con·

165 4126 278 4195 gerere
291 4104 327 4175 e't
345 4105 386 4171 ab
408 4101 556 4171 instituto
571 4102 728 4169 alianum.
779 4102 942 4187 Equidem
959 4102 1039 4168 haec
1051 4102 1212 4171 existimo.
