2558 4606
70 304 73 309 ¹
192 361 261 431 ast
386 396 390 401 .
467 300 973 433 normannorum
1045 362 1116 413 μ,

196 523 324 595 Oritas,
356 521 412 604 qui
432 520 470 583 nri
487 519 585 583 Arhin
600 518 635 584 il.
659 521 694 583 in
714 519 902 585 Carmaniae
920 502 1103 604 posterioris
1122 520 1244 606 angulo

187 624 396 694 habitabant,
427 618 519 698 ἔθνος
544 612 729 714 αὐτόνομον
746 638 845 695 ,νοσεῖ
865 625 955 687 h..r.
974 622 1175 706 Stephanus,
1201 642 1242 685 ex

67 772 71 789 .
127 726 130 731 ’
175 728 182 761 ⁴
196 726 356 791 Strabone
372 741 452 808 puto
468 727 524 787 lib.
547 738 601 802 15.
618 749 652 809 p.
665 731 752 805 495.
767 725 791 787 Ι.
808 742 892 803 720.
920 724 1121 791 Parthorum·
1131 726 1241 809 regnis

194 827 343 891 adscribit
363 829 487 889 Plinius
504 828 536 896 6.
555 843 614 903 27.
634 827 656 891 l.
676 842 733 907 25.
755 829 840 891 conl.
857 847 925 910 cap.
941 844 1002 907 29.
1024 825 1046 891 Ι.
1062 838 1123 905 25.
1139 838 1173 889 st
1194 825 1242 887 ibi

79 961 81 965 ·
186 932 376 997 Harduino.
414 930 485 997 vid.
502 930 599 991 etiarn
617 930 718 993 Soliu.
736 950 764 992 c.
782 941 842 1009 58.
857 918 878 991 Ι.
895 941 954 1007 55.
991 928 1115 993 Contra
1130 929 1258 1021 Poris,¹

185 1034 252 1115 ·qui
273 1045 307 1093 et
323 1044 516 1113 tunc'reges
538 1031 664 1095 Parthis
686 1031 844 1094 subiectos
864 1030 1065 1101 hahuerunt,
1099 1031 1153 1092 dat
1177 1030 1243 1095 snt·

184 1132 268 1196 unas.
284 1135 323 1194 ad
341 1134 445 1205 Solinq
461 1152 486 1193 c.
506 1133 527 1193 l.
554 1154 586 1214 p:
605 1154 649 1195 m.
667 1143 752 1216 848.
804 1132 900 1197 Certe
924 1132 1062 1195 lfidorus
1085 1131 1242 1197 Charace·

164 1308 167 1321 Ι
189 1256 254 1297 nus
275 1236 310 1295 in
334 1234 526 1296 Parthorum
545 1237 669 1297 ditione
687 1238 814 1319 ignorat
831 1235 1041 1298 Carmaniam.
1095 1232 1140 1297 H.
1162 1235 1242 1295 star·

181 1358 280 1399 -soou,
318 1334 446 1401 Vitium
461 1327 685 1426 frumentique
699 1334 836 1427 feracem
854 1335 914 1399 elle
936 1334 1121 1419 arboresqtu
1134 1334 1241 1417 posssi-

125 1460 130 1479 .
183 1429 281 1529 feras
304 1439 385 1515 altars
410 1451 533 1519 praeter
557 1439 642 1499 oldus
660 1453 764 1500 narrat
780 1439 945 1501 Nearchus
961 1459 992 1520 p.
1009 1453 1079 1501 Μ.
1092 1434 1240 1515 (ΗυάΙ.)

189 1538 371 1609 Consentit,
396 1541 450 1600 vel
469 1540 587 1621 repetit
601 1540 715 1601 Strabo
737 1553 790 1616 15.
811 1561 843 1621 p.
859 1550 945 1622 499.
963 1538 983 1603 Ι.
1004 1540 1089 1615 726.
1114 1551 1148 1601 ot
1173 1537 1240 1603 Pli-

186 1642 262 1705 nius
278 1642 313 1712 6,
329 1634 396 1713 27.
415 1639 437 1702 Ι.
455 1656 515 1715 23.
554 1641 581 1701 d
607 1641 729 1701 vitibus
751 1659 874 1702 nomen
899 1638 1017 1703 duxiffs
1038 1640 1240 1703 Boohsrtum

188 1740 280 1823 supra
300 1743 421 1805 notavi.
475 1742 560 1802 Alias
581 1744 679 1802 etiarn
695 1738 942 1827 carnantorum‘
957 1761 1034 1823 opes
1049 1742 1158 1804 laudst
1174 1742 1239 1805 Pli-

185 1842 274 1915 nius,
297 1844 401 1906 veluti
420 1842 548 1922 lapides
568 1832 737 1932 pretiosor,
762 1847 776 1921 (
785 1844 844 1922 36,
857 1861 913 1906 ta.
927 1842 948 1905 Ι.
962 1854 996 1920 8.
1025 1857 1084 1922 87,
1098 1840 1240 1923 88.Ι.8.

177 1954 306 2024 ·47.1et
327 1955 388 2024 48.
403 1942 434 2009 Ι.
451 1947 510 2023 9.)
544 1945 685 2015 minium¹
709 1941 792 2028 (88,
807 1953 870 2021 49.
890 1941 912 2007 Ι.
928 1943 986 2026 7.)
1011 1942 1139 2007 arbores
1159 1946 1238 2007 turi·

178 2038 288 2139 foras,
315 2050 388 2125 (12,
408 2059 466 2124 8ι.
487 2044 508 2106 s.
532 2048 603 2125 14.)
629 2044 793 2108 ladanum.
819 2044 895 2130 (ια,
911 2060 971 2126 87.
989 2044 1012 2109 Ι.
1032 2042 1106 2130 17.)
1129 2046 1252 2113 ·Csrs-··

184 2167 261 2210 rum
286 2167 303 2209 s
330 2146 498 2209 Carmania
523 2146 657 2208 adluens
685 2166 772 2209 mare
799 2146 1010 2219 Carmaniam
1032 2147 1161 2214 dictum
1183 2148 1237 2220 eil,

173 2251 426 2335 .conterminum
440 2230 553 2309 Indico
569 2260 602 2309 st
616 2246 728 2310 rubro.
752 2244 969 2336 [Agathemer.
981 2265 1012 2318 a,
1027 2242 1098 2335 su]
1134 2250 1235 2325 Deui-

67 2394 72 2403 .
184 2370 248 2432 que
263 2361 368 2417 toturn
386 2350 475 2410 huno
494 2349 604 2410 locum
627 2349 732 2409 reddit
747 2349 863 2410 iisdem
880 2367 981 2430 paene
996 2350 1105 2413 verbis
1117 2350 1236 2415 Bona·

135 2534 140 2545 1
177 2453 250 2513 ¹tius
265 2453 304 2513 de
321 2451 462 2513 maribus
478 2448 499 2513 Ι.
519 2471 551 2511 v.
570 2445 714 2541 Persicus
726 2445 835 2541 smus.
877 2450 973 2512 Oram
991 2436 1178 2528 Carmaniae
1201 2467 1236 2517 et

185 2552 355 2615 Gedrofias
380 2573 485 2635 nuper
510 2547 664 2637 (1797.)
690 2553 818 2639 egregie
847 2551 995 2636 exposuit
1026 2554 1169 2619 vincent
1191 2554 1234 2619 sd

185 2654 324 2719 Nearchi
339 2655 514 2738 paraplum.
538 2652 678 2740 (tingi.)

172 2892 175 2897 ·
258 2880 307 2920 vo
328 2857 393 2941 te)
442 2860 534 2942 Quae
549 2859 702 2943 deinceps
718 2858 903 2943 lequuntur,
928 2857 1105 2934 Nearchus,
1130 2860 1233 2926 Arris-

168 2981 260 3031 :nun
280 2961 412 3025 Curtius
430 2961 470 3021 de
488 2962 587 3024 Oritis
600 2977 634 3024 et
649 2962 899 3046 Ichthyophagis
914 2976 1050 3033 narrant,
1078 2963 1134 3045 qui
1150 2965 1233 3026 ultra

182 3063 372 3126 Carmanios
398 3060 582 3126 habitarunt
604 3061 686 3132 fere,
722 3064 832 3125 Oritas
858 3064 892 3124 in
917 3065 1045 3145 primis,
1076 3061 1098 3123 li
1123 3064 1232 3128 Melae

181 3177 328 3247 tempora
348 3164 477 3246 spectes.
530 3165 656 3228 Plinius
675 3167 708 3234 6.
732 3177 791 3241 28.
806 3164 828 3231 Ι.
845 3173 905 3247 24.
932 3165 1078 3241 Nearcho
1093 3180 1128 3229 et
1144 3167 1231 3231 Mela

182 3268 403 3350 conglutinam
431 3287 448 3326 a
473 3267 607 3328 flumine
631 3266 725 3337 arbi,
765 3267 851 3328 unde
884 3264 992 3345 Oritae
1019 3267 1229 3349 incipiebant,

61 3366 64 3371 ’
180 3371 270 3455 quod
293 3367 358 3452 ipss
382 3366 467 3431 Plin.
487 3385 520 3443 7,
541 3386 574 3430 Ω.
594 3366 708 3439 refert,
740 3369 1000 3449 promontorium
1028 3368 1135 3451 ipsum
1155 3370 1230 3436 Csr·

180 3471 306 3531 maniae
329 3470 369 3531 ab
395 3470 582 3533 hominibus
607 3467 778 3531 inhabitari
802 3468 935 3552 scripsit,
974 3485 1101 3554 praeter
1126 3474 1229 3556 capita

170 3584 252 3632 ¹toto
271 3590 404 3652 corpore
427 3572 536 3643 hirtis,
568 3574 726 3653 coriisque
750 3563 887 3655 pilci'um
906 3572 1044 3645 vellitis,
1080 3593 1147 3657 quo
1171 3593 1229 3638 no·

162 3675 270 3736 -snins
293 3673 536 3754 reprehenditur
557 3692 575 3735 a
596 3674 744 3735 Salmssso
767 3674 807 3747 ad
828 3674 931 3737 Solin.
954 3695 1023 3757 cap.
1042 3687 1104 3753 5⁰·
1127 3675 1226 3755 Ι.57.

179 3794 213 3858 p.
239 3794 282 3837 m.
308 3786 393 3852 889.
426 3775 481 3839 otii
511 3789 632 3838 temere
659 3774 1033 3838 Hsrduinus'divorsum
1054 3776 1144 3839 hunc
1168 3776 1227 3840 elle

180 3876 319 3939 fluvium
338 3877 418 3938 vslit
438 3877 476 3939 ab
498 3894 557 3947 so,
587 3875 643 3959 qui
659 3876 828 3940 Gedrofios
851 3878 974 3949 adluat,
1000 3892 1033 3939 et
1048 3880 1137 3940 iuxta
1153 3879 1227 3945 Car·

180 3979 309 4041 maniae
332 3981 596 4060 promontorium
617 3977 761 4043 effluere.
812 3979 920 4043 Oritas
943 3992 1051 4041 tamen
1075 3982 1226 4061 lchthyo

166 4079 304 4168 ¹phagor
329 4081 501 4170 coniungit
528 4080 615 4149 Plin.
635 4081 671 4157 ,6,
690 4091 750 4160 25.
771 4077 793 4145 Ι.
812 4095 874 4163 23.
910 4096 945 4146 et
968 4083 1039 4168 poll
1059 4102 1118 4148 eos
1135 4082 1225 4170 pouit
