2558 4606
645 50 651 91 s

127 336 229 399 ‘ru
257 344 394 400 rouo
421 341 530 398 uer.
572 340 686 399 nur.
728 334 836 401 clm.
878 342 957 418 aa.
1033 324 1094 420 ion

66 548 71 555 ·
130 515 338 597 Teutoni)
390 517 440 577 De
466 517 587 599 duplici
615 516 841 577 terminatione
865 513 905 580 cs.
929 498 1093 582 noi.³crit.

46 640 80 704 p.
92 639 163 685 101
180 615 222 699 sq.
250 614 392 701 Quidam
410 620 600 679 deducuntur
612 618 847 679 Germanorum
864 620 934 679 Deo
954 604 1094 710 Thusfsot

51 712 170 811 Tuisco
188 718 208 783 s.
230 719 328 791 Teut,·
361 720 501 801 plerique
519 740 535 781 a
558 719 680 788 Theut‚·
698 719 801 779 Thinai
821 721 842 781 i.
857 740 889 781 e.
912 718 948 781 V
945 719 1004 782 osi.
1039 719 1096 784 cii

48 823 195 891 Leibuit.
209 823 247 883 ad
261 822 366 882 Tacit.
382 836 448 904 cap.
470 840 503 885 o.
555 822 732 901 Pleriqoea
753 820 890 890 Thence.
919 823 1007 902 quod
1030 824 1097 885 div

48 927 141 989 lectio
156 925 314 985 variatum
331 937 422 1004 putat
439 923 568 988 Csover.
584 928 618 983 in
636 924 746 985 Germ.
763 937 828 984 ant.
844 943 873 993 1,
891 925 949 986 26.
965 942 997 1005 p.
1016 906 1097 1002 ‘855

52 1043 85 1108 3,
108 1037 171 1106 4ο.
189 1044 259 1108 pag.
279 1025 361 1102 665.
389 1028 424 1085 in
452 1026 566 1095 Timo,
588 1024 693 1093 Dan,
730 1023 861 1094 Godau,
880 1024 1036 1087 Grmdcm
1062 1032 1098 1088 es

52 1127 207 1195 Wodau.
250 1124 300 1189 cf.
318 1128 413 1188 eriam
437 1129 569 1208 Spener.
594 1130 627 1187 iu
650 1139 718 1187 not.
742 1126 852 1187 Germ.
873 1134 943 1187 ant.¹
957 1136 989 1202 5,
1010 1142 1051 1197 os
1065 1128 1100 1188 ω’

51 1251 124 1314 peg.
137 1248 193 1304 ru
210 1225 272 1309 sqq.
304 1229 508 1290 Ptoleruaeur
526 1245 557 1297 2.
580 1248 635 1292 ιι.
660 1246 715 1289 eoe
730 1228 922 1290 Pharadenie
937 1243 970 1289 et
983 1228 1100 1291 Suevie

52 1330 214 1395 adscribit.
268 1327 353 1394 Cum
377 1327 517 1392 Cimbris
540 1329 727 1396 consociari,
761 1342 850 1389 antee
875 1343 1029 1390 notatum
1045 1330 1100 1403 esi,

52 1435 218 1513 iidemque
235 1435 368 1492 comitet
391 1430 521 1493 fuerunt
536 1432 773 1512 irruptionis-in
792 1431 943 1501 Galliam,
971 1440 1004 1492 et'
1023 1432 1103 1493 casei

53 1536 187 1600 mitetie.
223 1533 301 1593 vid.
327 1531 475 1595 Ciaccou.
499 1530 798 1595 unanimius.
824 1531 1033 1596 orec-deo.
1056 1532 1103 1599 Gr·

59 1651 170 1715 ΜΞ.
203 1648 236 1695 et
256 1637 507 1715 quomiauriunt.
538 1647 661 1717 praeter
686 1631 869 1714 superiores.
922 1635 1104 1716 Antiquom·

54 1755 122 1816 tem
144 1738 252 1821 gentio
275 1739 372 1802 docet
393 1733 469 1797 sacta
491 1737 559 1797 eiua
580 1736 702 1795 mentio
731 1753 747 1793 a
769 1733 887 1810 Pythea
909 1726 993 1816 apud
1015 1736 1101 1799 Pon.

57 1855 114 1919 57,
132 1857 167 1900 9..
206 1842 255 1898 An
271 1836 394 1898 Codani
411 1841 472 1898 iam
487 1839 592 1917 primo
608 1854 687 1897 aevo
702 1835 846 1914 adpellati
863 1833 990 1904 suerint,
1014 1837 1103 1918 quod

56 1944 204 2001 adsumat
225 1939 346 2016 Spener
366 1949 396 2010 5.
417 1952 449 1997 o.
467 1957 537 2017 pag.
560 1949 614 2010 15.
633 1956 659 1996 c.
676 1937 697 1996 l.
719 1938 875 1995 incertum
894 1937 937 1998 est
956 1940 1101 2018 perinde.

58 2056 150 2122 atque
173 2038 224 2105 id,
252 2037 336 2116 quod
363 2035 645 2119 audiunturque
659 2037 792 2121 repetit,
821 2038 928 2098 Dauos
951 2040 1024 2100 inde
1045 2059 1105 2101 no·

58 2164 131 2205 meo
158 2137 296 2206 traxisse,
329 2141 412 2217 quoti
433 2124 473 2198 fic
495 2140 627 2197 iuuertit
648 2138 832 2222 Schoeui'ng
853 2159 885 2219 p.
902 2141 960 2215 56.
978 2159 1004 2202 c.
1020 2141 1041 2204 i.
1067 2154 1105 2203 ut

60 2245 192 2306 aDauie
210 2241 350 2307 derivet.
377 2240 605 2321 praefluo-co..
626 2240 759 2299 uomina
779 2239 931 2301 Codanus
946 2255 978 2302 et
1000 2242 1106 2304 Coda-

60 2350 176 2413 uom'a,
203 2339 380 2425 refragante
402 2355 507 2400 tamen
530 2355 613 2401 recte
632 2341 822 2403 SchIoezero
837 2343 874 2402 ad
891 2363 917 2404 c.
933 2343 954 2403 l.
974 2359 1041 2404 not.
1060 2343 1103 2406 H.

58 2451 158 2521 sedeo
180 2464 280 2526 prope
308 2443 455 2506 Cimbros
475 2442 621 2507 'habuisse
640 2462 678 2502 ex
702 2442 785 2504 Mela
815 2441 889 2504 satie·
904 2442 1105 2530 intelligitur,

60 2549 111 2615 scd
146 2549 243 2607 iatine
277 2566 338 2626 por.
372 2543 485 2607 insulae
526 2545 647 2605 vicinae
687 2542 840 2626 disperiet
879 2544 989 2609 vixisse
1026 2534 1108 2611 tritri

61 2633 126 2734 cap.
147 2645 183 2720 6,
198 2656 236 2723 7.
256 2648 360 2710 docet.
388 2691 390 2697 .
933 2674 935 2679 ·
999 2663 1002 2679 ¹
1102 2652 1107 2677 ·

138 2849 317 2932 ultra)
356 2846 439 2912 Cum
461 2848 541 2909 ultra
564 2846 766 2930 supercilium
782 2848 867 2910 suros
885 2848 1009 2912 Codani
1027 2864 1110 2913 terre

66 2958 116 3021 illa
143 2936 275 3015 eitteudi
297 2971 362 3012 non
386 2944 497 3033 poffit.
530 2970 627 3030 porro
645 2952 729 3011 Meso
753 2950 790 3010 ab
813 2952 978 3012 occidente
1001 2941 1110 3017 versus

68 3059 225 3123 orientem
243 3054 296 3114 bic
310 3054 543 3136 progrediatur,
561 3067 601 3145 'et
617 3053 858 3118 Sarmaticarum
876 3055 1016 3114 cousinio
1033 3072 1110 3137 gena

67 3164 151 3231 tium
166 3173 200 3221 et
218 3155 335 3217 Vistula
353 3174 446 3215 amne
462 3153 664 3216 German-iam
684 3158 852 3224 terminet,
876 3154 911 3217 io
927 3174 986 3235 qua
1003 3157 1112 3218 ultimi

69 3262 194 3327 incolae
217 3257 348 3323 suerunt
371 3257 583 3326 Hermiones,
617 3259 722 3337 quaeri
745 3256 863 3316 debent
884 3258 971 3318 iuxta
990 3257 1112 3319 Sarma&

68 3367 161 3434 tiam,
195 3375 233 3420 ut
249 3373 336 3421 recte
359 3360 453 3419 etiam
476 3357 587 3418 docuit
608 3359 791 3441 Schoeoing
809 3380 841 3440 p.
859 3371 917 3436 58.
934 3376 961 3421 c.
979 3358 1000 3422 l.
1040 3360 1114 3424 oio

70 3465 181 3540 sentin
207 3462 340 3544 quidem
367 3460 523 3520 vitientur
544 3461 613 3528 alii,
650 3461 705 3541 qui
734 3476 847 3520 eorum
871 3460 1114 3535 meminerunt,

70 3570 223 3650 qoodex
250 3561 495 3646 migrationibus
521 3563 611 3646 vagia
635 3575 674 3623 et'
693 3562 822 3624 incertia
849 3559 972 3624 sedibus
1003 3577 1114 3624 ortum

71 3656 126 3733 esse
141 3668 285 3730 videtur.
323 3664 455 3725 Tacitus
478 3663 564 3724 enim
581 3665 621 3725 de
636 3665 745 3725 Germ.
767 3683 832 3744 cap.
851 3678 883 3726 Ω.
903 3662 1022 3726 modios
1039 3662 1115 3727 iacit

72 3773 280 3837 Germaniae,
315 3779 348 3827 et
371 3765 513 3842 Pone.
541 3775 597 3841 28.
622 3765 721 3846 [14.
754 3765 787 3825 iu
822 3766 951 3827 illorum
985 3768 1115 3849 populis

72 3879 166 3955 etiam
202 3872 331 3932 Suevos
363 3881 606 3939 commemorat.
668 3866 754 3931 Cum
778 3881 885 3929 tamen
914 3864 996 3928 Mela
1024 3870 1117 3931 litora

70 3977 165 4041 soleat
191 3974 317 4056 legere,
355 3971 390 4030 in
420 3970 609 4035 Pomerania
638 3983 719 4033 tunc
749 3971 860 4054 potine
893 3968 1048 4036 habitasse
1076 3988 1117 4034 ex

71 4072 318 4145 meme-Meloe
343 4072 505 4135 videntur.
977 4090 980 4103 =
1021 4063 1023 4067 ’
