2558 4606
135 348 216 409 -an
243 348 383 409 aona.
412 347 520 407 unt.
550 298 596 408 Ι9.
618 351 669 406 tn.
712 348 848 415 cvm.
889 348 969 437 aa.
1031 363 1094 429 322

50 521 72 587 i.
94 523 157 588 96.
187 524 244 605 qui
267 524 301 585 in
324 542 364 587 eo
388 536 490 586 tractu
513 524 609 607 ponit
631 522 893 607 Ctesiphontem.
928 525 1097 593 aPartlaia
1149 572 1155 581 ·

52 626 231 690 conditam.
271 626 345 689 Viti.
373 626 527 691 Cesiariua
549 629 583 689 in
609 626 728 711 Geogt.
751 643 818 694 ant.
837 643 869 709 5.
894 644 952 703 17.
976 642 1035 706 25.
1062 641 1098 693 et

49 726 340 813 Schweighaeuser.
359 730 397 789 ad
413 728 527 807 Polyb.
545 740 578 805 5.
594 738 653 811 54.
672 744 704 799 7.
742 731 839 814 Quod
854 733 887 791 in
904 731 1006 793 altato
1022 730 1097 795 ioco

49 830 91 895 de
103 830 270 908 Gordyaea
288 828 402 901 scribit.
422 826 559 893 Persidis
575 830 653 893 haec
667 845 733 892 erat
749 830 791 915 (i.
809 851 838 896 e.
854 830 968 897 Persici
984 818 1099 919 regni)
1200 824 1205 837 ⁵

49 952 135 1017 para.
162 945 295 995 notante
309 934 489 1014 Stephano.
516 933 572 1013 qui
594 933 673 995 item
689 928 1000 1021 Tigridia'iaiioliya.
1025 937 1048 997 i.
1065 953 1095 997 e.

50 1032 293 1119 scaturiginem.
317 1047 354 1095 ut
374 1036 469 1097 docet
485 1032 672 1106 Berkesiua.
704 1037 790 1096 iuxta
812 1037 918 1118 ponit.
956 1037 1044 1098 Situs
1058 1054 1099 1098 ett

51 1136 234 1217 Gordyaeia
253 1135 420 1199 montibua
443 1134 529 1218 apud
548 1136 632 1199 Plin.
653 1136 686 1208 6,
708 1151 764 1213 17.
786 1135 809 1201 s.
829 1150 886 1215 15.
911 1152 971 1215 51.
994 1135 1016 1201 s.
1036 1152 1098 1211 27.

49 1236 202 1323 cognosci
222 1237 339 1320 potest.
365 1237 421 1303 otsa
439 1239 563 1299 variant
585 1240 620 1299 in
639 1256 750 1301 eorum
767 1238 829 1301 situ
850 1253 1015 1310 auctorat.
1048 1240 1100 1303 uti

41 1338 166 1409 ¹(locuit
186 1339 364 1403 Bochaatua
387 1341 421 1400 in
447 1340 569 1424 Phaleg
590 1358 622 1411 t.
646 1354 679 1417 3.
735 1340 851 1402 stanuit
875 1355 961 1405 certo
983 1340 1099 1405 Strabo

49 1438 188 1521 Assyriae
203 1455 237 1505 et
261 1440 514 1523 Mesopotamiae
534 1456 668 1521 partem.
702 1442 770 1504 Sub
791 1444 832 1505 iia
855 1445 969 1515 etiam.
992 1443 1048 1506 etsi
1064 1445 1100 1507 in

49 1544 204 1605 Armenia
218 1540 332 1605 maiori
346 1546 450 1626 ponit.
465 1556 498 1605 ct
509 1542 617 1620 'l’igrie
630 1541 747 1615 sontea.
756 1557 790 1607 et
799 1543 981 1626 Thospitim
994 1546 1100 1609 lacum

50 1642 262 1707 Ptolemaeus
276 1651 310 1717 5.
332 1653 387 1715 13.
415 1642 498 1700 sorte
511 1642 587 1721 quia
603 1637 644 1699 iic
661 1656 832 1722 utramque
848 1647 1037 1727 opinionem
1058 1648 1101 1709 de
1126 1704 1129 1709 ,

49 1742 200 1809 sontibus
218 1740 507 1827 conglutinaverat.
547 1736 697 1803 Consenti
713 1761 787 1803 cum
804 1741 1017 1825 superioribus
1032 1744 1101 1829 pose¹

52 1844 148 1917 sunt.
171 1863 255 1935 quac
268 1842 393 1925 prosstta
415 1842 591 1923 disputavit
606 1840 733 1905 Salmas.
750 1844 791 1905 ati
804 1844 907 1910 Sosin.
923 1864 951 1909 c.
965 1846 988 1908 s.
1006 1867 1038 1929 p.
1054 1868 1101 1911 na.

52 1958 129 2029 487
145 1940 212 2030 sqq.
261 1944 369 2007 Hodie
389 1940 495 2006 fontea
511 1944 545 2005 in
560 1941 696 2024 Assyriae
717 1964 753 2007 ea
774 1959 881 2028 parte.
908 1966 988 2029 quae
1005 1944 1104 2013 ittar-

53 2048 164 2143 aststan
187 2062 338 2117 vocatur.
373 2047 406 2107 in
429 2047 596 2128 provincia
616 2045 785 2109 Seserem
806 2046 915 2111 versuo
930 2049 1101 2113 meridiem
1180 2098 1184 2107 .

51 2149 323 2233 Mesopotamiae,
340 2147 396 2209 ubi
413 2146 593 2210 Diatbestia.
631 2146 706 2213 vit.
722 2147 889 2235 Biisching.
901 2150 944 2213 T.
960 2163 995 2229 5.
1009 2150 1047 2215 P.
1068 2172 1101 2217 ι.

51 2274 84 2338 p.
101 2264 185 2335 998.
199 2264 233 2313 et
248 2263 333 2331 958.
371 2249 544 2313 D’anvitte
557 2250 591 2313 iu
608 2247 713 2311 tabula
729 2252 770 2313 de
780 2248 871 2317 cursu
880 2252 1053 2337 Euphratis
1066 2266 1102 2317 ct

52 2356 163 2441 'sigeia
185 2354 220 2415 in
237 2352 379 2435 Niphate
393 2365 507 2418 monte
524 2371 580 2415 eoa
595 2351 743 2415 ollendit.
762 2387 815 2429 -,
839 2355 915 2427 Sed.
938 2374 1006 2441 aga.
1028 2342 1101 2438 pro·¹

52 2456 224 2521 nudamus
244 2455 322 2517 hinc
336 2455 462 2539 Tigrin.
486 2474 527 2517 ex
543 2454 692 2515 Armenia
707 2474 780 2516 cum
795 2454 914 2520 Plinio.
953 2458 1103 2539 Acceptso

54 2558 102 2623 ibi
119 2556 248 2623 duobua
268 2555 460 2620 fluminibus
474 2546 632 2644 Affyriam
648 2556 844 2640 ingreditur.
870 2570 904 2621 et
918 2556 1103 2621 Adiabenos

55 2659 291 2731 disterminant.
308 2647 583 2747 Mesopotamiam
598 2653 684 2719 facit.
718 2657 895 2741 Procopiua
910 2661 951 2722 tle
964 2660 1003 2724 B.
1016 2659 1103 2724 Pars.
1119 2688 1122 2697 ·

60 2783 104 2851 a.¹
114 2778 173 2838 17.
199 2763 256 2843 qui
267 2776 346 2823 ¹cunt
360 2760 468 2821 Plinio
484 2757 652 2830 consentit,
678 2771 767 2821 recto
782 2759 874 2821 cursu
890 2774 925 2823 et
940 2761 1003 2824 stne
1018 2763 1103 2827 ssexu
1140 2792 1142 2797 r

56 2864 169 2929 alienia
190 2865 279 2947 aquit
299 2882 412 2946 parum
442 2872 571 2926 auctum
592 2861 631 2923 ad
653 2861 802 2923 Amidam
825 2861 938 2925 uabetn
961 2863 1103 2935 deducit,
1231 2890 1233 2895 ·

56 2966 144 3051 ande
160 2966 197 3029 iu
214 2965 368 3047 assyriam
385 2961 588 3029 devolvatur.
639 2961 677 3023 ln
694 2960 812 3041 Assyria
827 2965 946 3046 excipit
965 2976 1028 3027 trea
1043 2965 1104 3029 ilua

57 3070 157 3141 vioe.
174 3066 330 3139 bucam.
357 3064 500 3145 Capram
514 3078 548 3127 et
567 3063 717 3144 Gorgiam.
747 3064 907 3144 (Ptolem.
923 3066 958 3137 6.
982 3070 1033 3146 a.)
1060 3067 1102 3129 de

57 3170 177 3255 quibua
192 3171 260 3235 viti.
278 3168 432 3237 Collatino
452 3169 487 3229 in
509 3166 708 3252 Gcogmttt.
727 3178 760 3245 5.
778 3181 835 3243 17,
852 3178 886 3244 5.
911 3167 1104 3249 Notumque

58 3273 266 3358 praeterfluit.
293 3269 480 3349 (Nearchua
500 3290 532 3350 p.
546 3282 604 3349 57.
621 3266 724 3332 Huals.
746 3268 832 3333 Psin.
850 3267 883 3341 6,
903 3270 960 3334 16.
977 3267 999 3332 s.
1023 3274 1102 3349 ts.)
1185 3262 1190 3273 “

59 3375 160 3460 Quod
181 3395 239 3465 pet
257 3372 403 3438 Mediam
423 3372 548 3434 ducunt
568 3370 706 3434 Diodoa.
722 3387 757 3442 9,
779 3390 834 3435 ιι.
861 3383 895 3434 et
914 3368 1049 3439 Curtiut
1067 3384 1103 3449 5.

63 3474 104 3549 t.
116 3487 174 3561 alp.
190 3479 287 3561 louge
302 3474 457 3545 aberrant.
478 3474 527 3534 uti
540 3486 738 3535 monuerunt
751 3474 789 3535 aas
804 3487 979 3556 utrumque
993 3475 1105 3538 locum

59 3578 246 3664 wesseling.
260 3584 293 3641 e't
307 3576 491 3647 Glareanus.
507 3594 607 3657 quem
621 3572 688 3635 fatti
704 3586 827 3638 temere
843 3587 933 3658 putat
946 3576 1104 3641 uatem.

60 3680 155 3745 Circa
176 3682 346 3745 Seleuciam
368 3676 581 3757 Babyloniam
600 3690 668 3754 225
684 3677 731 3741 Μ.
749 3677 785 3738 Ρ.
803 3675 924 3740 divisae
944 3679 978 3738 iu
993 3678 1105 3741 alvena

61 3764 162 3854 dunc.
186 3784 288 3848 attero
309 3780 477 3845 meridiem
498 3799 533 3841 ac
550 3778 717 3841 Seleuciam
737 3780 838 3862 petit.
864 3769 1013 3869 Mesenen
1034 3798 1103 3863 pet·

61 3880 221 3957 lundene.
253 3884 352 3947 altero
373 3882 412 3944 ad
429 3881 691 3966 septemtrionem
707 3881 808 3944 flexus
828 3882 980 3951 eiusdem,
997 3884 1104 3966 gentio

62 3998 153 4075 tergo
173 4004 305 4069 campoa
328 3981 477 4047 Cauchas
495 3981 584 4047 secat.
612 3980 718 4068 (Psin.
737 4002 764 4047 c.
782 3980 825 4066 l.)
877 3983 1015 4055 Asa‘eua.
1038 4002 1104 4066 quo

62 4090 235 4157 meridiem
259 4086 359 4173 petit.
384 4084 507 4157 Delas.
540 4084 685 4151 civerim
709 4086 818 4172 Tigrin
839 4084 943 4149 ticam
964 4084 1025 4158 esi.
1054 4085 1104 4147 uti
