2558 4606
161 353 230 407 ato
307 352 327 383 -·
403 306 600 403 'norea
636 332 944 401 excocrrcau
1071 344 1074 349 ·

166 526 283 577 tatem.
323 508 623 579 Ceterum'lo'lstitio
638 517 720 579 latua
738 506 855 578 lolllirii
871 506 1026 577 nimirum
1043 512 1214 588 intellexit,

173 618 252 680 licut
265 616 379 679 bruma
395 618 645 690 latuebrurnae,
671 619 734 681 hoc
757 618 817 689 est,
850 616 1219 697 hemicyclum-bruma·

82 802 85 806 Δ
170 718 255 780 -lium
283 717 458 805 signorum.
516 720 553 785 Af
568 717 701 783 solstitio
728 721 818 783 enim
844 720 890 783 ed·
908 738 1009 801 neque
1040 718 1221 781 maximum

174 819 359 903 parallelum
376 835 441 883 tota
457 816 527 884 lolia
540 824 791 885 circumvolutio
808 822 894 904 apud
911 822 983 883 illoe
998 819 1108 882 occasu
1124 832 1222 891 caret,

172 922 253 983 licut
273 942 291 981 e
313 925 447 1008 regione
469 926 539 985 eine
562 923 701 987 ambitus
721 943 738 985 a
755 922 908 984 brumalia
931 921 1050 984 solstitii
1072 921 1222 1004 parallelo

176 1020 216 1084 ael
234 1043 338 1106 oeque
353 1027 570 1087 mediatorem
587 1040 659 1086 ortu
682 1012 765 1087 caret
783 1039 817 1089 et
836 1027 1019 1110 erogione‚·
1043 1036 1081 1083 ut
1103 1037 1137 1093 a,
1160 1036 1222 1099 77.

97 1204 102 1212 Ι
176 1112 323 1215 {lr79.]
347 1127 481 1189 Plinius.
517 1127 702 1190 Solstitialea
716 1127 785 1189 dieo
799 1120 881 1188 ditrit
894 1145 962 1198 eor.
986 1125 1043 1208 qui
1058 1124 1098 1187 ab
1111 1140 1223 1206 aequa·

152 1227 303 1305 ¹tore‘ln
326 1226 492 1290 solstitium
512 1240 612 1310 usquc
634 1239 785 1313 vergunt.
835 1229 964 1309 Alioqui
987 1248 1062 1289 cum
1092 1239 1224 1287 tautum

178 1344 264 1388 unua
281 1327 316 1387 [it
332 1328 514 1399 solstitialis,
542 1332 640 1392 unius
654 1330 760 1392 latoria
773 1329 841 1390 dier
857 1331 1033 1413 improprie
1050 1322 1224 1409 solstitiani

178 1428 371 1492 dicerentur.
424 1422 577 1522 Aversum
609 1448 686 1493 vero
719 1426 899 1493 doctiffime
930 1433 1029 1513 dixit,
1055 1420 1221 1519 [Pliniut]

178 1531 265 1613 quod
298 1531 361 1593 illie
393 1544 524 1615 propter
554 1535 727 1595 maximam
760 1533 999 1618 elongationem
1025 1530 1149 1615 [emper
1177 1528 1224 1592 ael

177 1630 273 1693 latera
302 1633 483 1705 immineat,
524 1654 689 1717 uunquam
718 1634 758 1697 ad
782 1635 910 1705 conith,
943 1633 1223 1718 quemadmodum

177 1733 274 1796 nobie
293 1735 436 1798 inclinet.
456 1771 508 1785 -·
532 1754 718 1799 venrauve.
761 1737 886 1799 Plinius
913 1731 963 1822 [c.
984 1730 1029 1823 l]
1056 1724 1224 1797 manifeste

179 1836 315 1907 erravit,
351 1832 397 1901 et¹
414 1837 643 1921 Hyperboreos
669 1856 743 1901 cum
771 1838 914 1903 Thuliti'r
945 1836 1111 1919 confudit,
1144 1848 1223 1897 curn

179 1950 288 2021 tamen
314 1939 517 2022 Hyperborei
540 1939 594 2001 iub
616 1938 683 2023 ipio
706 1943 820 2003 munrli
843 1941 972 2002 cardine
995 1938 1222 2007 describentur.

179 2039 244 2101 hoc
257 2040 311 2110 est.
338 2040 395 2102 iub
412 2041 488 2124 polo
504 2043 629 2114 muudi,
652 2042 768 2104 Thule·
776 2060 855 2104 vero
870 2042 990 2105 directe
1004 2043 1081 2124 polo
1092 2038 1223 2102 Zodiaci

178 2138 289 2211 sublit,
315 2145 400 2203 iuxta
420 2144 612 2224 hypothesin
629 2144 753 2205 Melae'
797 2145 898 2207 Recte
914 2164 991 2207 vero
1012 2144 1053 2207 de
1068 2142 1143 2214 illia,
1168 2139 1223 2223 qui

178 2243 213 2303 in
228 2242 338 2305 Thule
352 2243 511 2315 habitant,
536 2245 599 2307 hoc
614 2245 673 2315 est,
701 2244 741 2305 de
756 2233 941 2330 Norwagie‚
966 2243 1175 2328 Lapponibue
1190 2252 1225 2304 et

178 2344 330 2414 lelandia,
373 2343 430 2405 iub
462 2345 576 2408 arctico
608 2347 670 2407 fitia
696 2346 833 2415 circulo.
865 2349 998 2418 dicitur.
1034 2345 1162 2409 solstitio
1181 2344 1224 2416 'iia

179 2442 278 2506 lolem
311 2445 406 2507 semel
432 2445 525 2515 oriri,
557 2448 670 2509 bruma
696 2465 773 2509 vero
804 2447 900 2510 semel
926 2450 1082 2510 occidere.
1134 2447 1223 2510 eum

178 2548 267 2635 euim
289 2566 346 2629 per
364 2561 471 2610 totum
487 2520 615 2611 annarm'
626 2549 672 2612 sol
687 2550 725 2611 iic
740 2551 884 2630 quotidie
901 2552 1019 2611 oriatur
1036 2564 1068 2610 et
1089 2548 1223 2616 occidat,

178 2649 308 2712 cuntur
339 2662 466 2713 tantum
494 2653 692 2734 temporibua
718 2651 751 2711 id
785 2671 852 2712 non
875 2644 1057 2735 ¹contingit,
1092 2648 1247 2711 lolllitio'

177 2760 296 2832 nempe
316 2764 349 2815 et
370 2752 494 2817 bruma.
537 2753 678 2844 solstitio
698 2754 817 2837 qpippe
838 2774 911 2814 curn
936 2751 982 2814 iol
1003 2763 1052 2832 [ῃ
1071 2750 1223 2837 gradibue

180 2850 269 2938 lupra
291 2850 494 2933 horizontem
515 2855 628 2926 exstat,
661 2869 731 2915 tum
753 2872 820 2916 non
843 2855 977 2924 occidit,
1008 2853 1061 2916 sed
1076 2866 1149 2916 toto
1166 2850 1220 2914 luo

110 2945 113 2952 ¹
179 2955 297 3017 circulo
332 2951 520 3038 conspicuue
557 2957 617 3028 est,
656 2970 804 3036 totusque
843 2957 1084 3043 quodammodo
1118 2956 1223 3017 oritur

180 3055 274 3117 simili
296 3071 390 3140 atque
420 3040 568 3120 sabololio
596 3059 814 3140 Hyperboreis
842 3072 931 3130 ortu,
968 3060 1043 3121 licet
1063 3058 1101 3119 ad
1123 3057 1222 3118 breve

177 3153 326 3243 spatium.
377 3158 495 3220 Bruma
510 3177 589 3222 vero
606 3158 657 3232 sol
674 3162 714 3223 iie
736 3158 867 3228 occidit,
895 3161 967 3240 quia
984 3173 1054 3219 turn
1071 3178 1139 3221 non
1160 3157 1223 3220 ori·

178 3273 252 3334 tur;
281 3274 352 3322 toto
374 3263 461 3321 enim
481 3259 538 3323 luo
552 3261 672 3322 circulo
688 3255 744 3321 iub
761 3273 877 3321 terram
897 3263 1058 3323 conditur.
1109 3262 1222 3341 ltaque

108 3408 111 3420 ,
180 3346 336 3425 Thulitae
349 3382 417 3424 uno
434 3375 559 3426 tantum
575 3363 626 3425 die
645 3360 742 3425 solem
763 3360 908 3423 aversum
929 3362 1112 3441 habebunt,¹
1133 3356 1222 3443 quod

178 3482 345 3547 perperam
376 3462 594 3547 Hyperboreis
619 3464 733 3526 tribuit
757 3463 891 3527 Punica.
926 3454 1074 3528 voetrv'e.
1123 3460 1223 3525 Plinii

178 3564 252 3627 loco
274 3563 450 3630 [occurrere
470 3566 591 3628 studuit
606 3567 703 3629 etiam
718 3564 845 3628 Caelius
862 3563 1067 3651 Rhodiginue'
1088 3564 1225 3627 lection.-

179 3666 464 3748 antiqu.16‚22.
499 3662 578 3729 d'um
618 3668 727 3730 verbis
764 3667 957 3749 transpositis
989 3668 1029 3729 src
1060 3665 1222 3729 rescribit:

126 3774 134 3785 '
180 3765 325 3860 &meliri
344 3768 412 3829 luce
430 3781 463 3830 et
481 3790 548 3831 utra
567 3768 618 3830 die
640 3767 683 3831 ab
707 3770 906 3851 aequinoctio
929 3788 1032 3841 ¹cerno
1054 3770 1087 3829 t'tr
1110 3780 1223 3831 aucur-

103 3953 107 3957 .
179 3890 298 3942 nanum,
333 3890 408 3941 nort,
434 3881 473 3931 ut
493 3872 630 3950 imperiti
651 3869 767 3941 dixere,
792 3861 874 3961 solis
893 3866 1014 3960 averfir
1048 3868 1222 3934 solstitiale·

77 3966 87 3975 ’
179 3973 266 4035 euim
290 3974 360 4037 diae
381 3972 441 4037 effe
463 3972 614 4043 aestivos,
649 3972 862 4052 brumamque
889 3983 948 4054 pro
973 3973 1082 4035 hieme
1104 3971 1223 4034 intelli·

178 4075 329 4163 pendam.
370 4075 442 4143 utu
456 4075 504 4137 illi
522 4076 647 4139 ratione
661 4074 785 4138 mederi
797 4061 905 4142 ‘studet
919 4071 1051 4145 sumu.
1064 4075 1100 4138 in
1118 4075 1220 4141 Solio.
