2558 4606
188 360 695 437 rurorar.uzc.'c.·ru.
737 378 845 442 cvr.
886 378 966 451 ce.
1037 376 1111 462 229.-
1181 462 1185 469 Ι

51 550 207 615 aevom
231 564 380 614 montem
402 548 580 633 Piiniutt„
605 566 665 626 27.
690 550 711 617 Ι.
738 566 794 634 13.
821 552 899 616 inde
924 574 941 617 ι
967 540 1114 635 8ιγιΙιῖιξ

51 648 193 739 egreiiue
209 653 248 713 tri
263 654 338 716 litut
355 651 621 737 septemtrionalia
638 653 758 717 Oceani
775 655 879 719 Gades
895 672 1013 739 utque,
1039 657 1111 723 ime

51 772 184 820 manem
201 754 241 815 ad
252 754 462 819 Cimbrorum
475 756 737 838 promontorium
752 755 858 833 linum,
871 756 996 820 efficere
1010 758 1101 845 dicit,

54 856 237 919 Codanum
288 856 387 919 Ponit
407 856 540 937 quidem
561 857 627 931 ibi,
659 857 715 919 ubi
732 858 845 921 clarior
864 862 898 919 in
921 862 976 922 ilio
999 873 1103 921 trtctu

53 958 170 1041 incipit
193 957 263 1019 ficri
284 956 368 1020 fama
390 957 431 1017 ab
449 972 546 1044 gente
566 960 808 1045 Ingaevonum,
841 980 921 1044 quae
936 960 980 1023 eii
998 963 1110 1043 primo

57 1058 268 1130 Germaniae,
294 1074 328 1122 ct
347 1059 448 1123 Solin.
473 1079 500 1122 c.
519 1072 579 1142 23,
595 1059 617 1125 Ι.
634 1079 693 1124 ιο.
712 1063 808 1124 dicitt
842 1082 932 1123 mous
954 1064 1034 1125 sevo
1054 1094 1105 1111 -

55 1162 185 1223 initium
210 1160 398 1223 Gernrnuine
411 1152 518 1250 facit.
578 1164 779 1245 Ingaevones
800 1177 922 1232 tmcrtt,
948 1186 970 1225 a
990 1161 1112 1282 quibus
1139 1234 1143 1243 Δ

54 1262 168 1352 primis
192 1260 265 1355 prfi
288 1262 428 1346 Scythas
455 1282 567 1327 nomen
599 1263 823 1329 Germanicum
849 1256 980 1356 consurD
966 1268 1031 1334 it,
1066 1262 1113 1337 in

56 1364 176 1447 quibua
197 1364 342 1425 Plinium
360 1363 482 1430 retulit,
537 1366 618 1427 inde
632 1366 761 1429 vitietur
780 1366 841 1429 effe
860 1387 954 1429 mons
974 1368 1104 1430 Germa·
1214 1438 1218 1447 ¹

56 1468 146 1534 niae,
181 1466 232 1541 uti
257 1478 291 1526 et
315 1461 478 1529 Ferrariut
499 1465 533 1527 in
557 1467 676 1529 Lexico
692 1467 726 1529 h.
747 1489 780 1528 v.
806 1482 919 1530 contra
943 1468 1114 1532 ottetiunr

58 1566 228 1633 existimat.
254 1565 370 1649 Neque
387 1579 495 1627 tamen
512 1565 616 1630 [oium
632 1566 783 1639 Orteliut,
806 1566 858 1631 rea
874 1582 907 1631 et
922 1571 980 1632 alia
993 1584 1111 1635 contra

57 1668 269 1738 cimbrorum
289 1667 552 1753 promontorium
578 1666 617 1729 tb
638 1671 734 1731 altem
756 1684 845 1752 purte
866 1684 1010 1753 ponunt,
1037 1672 1106 1743 ubi,

58 1790 133 1836 curn
149 1771 186 1832 in
199 1788 286 1833 turre
301 1768 449 1839 excurrit,
472 1767 506 1830 it.
524 1769 641 1831 dicitur
655 1769 731 1835 testa
746 1766 909 1854 Biiiehing
924 1766 1107 1863 langfipid.

57 1875 165 1937 Docet
179 1884 287 1935 autem
304 1869 515 1940 Cimbrorum
531 1872 809 1952 promontorium,
835 1890 900 1954 quo
917 1875 950 1935 in
967 1872 1056 1943 ioco,
1083 1868 1109 1931 ss
1179 1950 1185 1961 .

58 1972 166 2047 [entur
193 1972 289 2043 iueiie
321 1971 418 2035 debet
445 1970 544 2036 Plinii
568 1970 694 2043 verbio,
733 1973 842 2053 quaeri
871 1972 985 2037 debeat
1009 1978 1116 2039 monl'
1147 2026 1151 2037 .
1210 2004 1212 2009 ·

60 2076 156 2149 Savo,
169 2088 204 2138 ot
216 2088 302 2137 recte
316 2074 423 2157 quaeri
441 2074 529 2135 iutc'r
537 2071 738 2154 Noroegicm
750 2088 785 2135 et
796 2064 951 2144 Suetium.
988 2068 1114 2140 Adami²

58 2176 242 2242 Bremcuiie
257 2172 428 2257 deicriptio
449 2194 524 2237 cum
538 2192 578 2239 eo
590 2174 675 2237 bene
690 2176 863 2246 convenit,
889 2174 976 2258 quoti
994 2176 1116 2238 docuit⁴

59 2280 228 2341 Pontauut
244 2296 271 2343 c.
286 2277 308 2342 1.
325 2297 396 2361 pag.
415 2276 500 2356 690.
552 2276 611 2339 ille
630 2275 761 2360 quidem
783 2296 823 2338 ex
845 2277 1115 2360 prominentibud

60 2380 200 2465 icopuiie
224 2379 339 2441 Baltici
361 2381 457 2449 maria
480 2378 560 2440 dicit
574 2379 741 2462 incipere,
766 2392 801 2442 et
822 2380 950 2442 tandem
973 2381 1008 2441 in
1028 2378 1115 2447 liiii·

60 2484 148 2579 paeie
161 2480 330 2549 montibus
343 2478 481 2545 liutitern
496 2477 608 2570 iacere.
642 2478 713 2541 Nec
726 2478 874 2562 impetiit,
895 2482 980 2563 quod
994 2482 1115 2563 lugere·
1202 2534 1206 2541 .

60 2604 161 2653 coner
181 2596 359 2653 memorat,
391 2582 465 2662 quia
488 2581 529 2642 fic
547 2594 679 2666 gentem
702 2593 829 2642 tanturn
852 2580 1040 2645 Germaniae
1060 2600 1116 2645 ter·

61 2684 163 2770 ipicit,
193 2702 261 2747 uon
277 2702 388 2747 eorum
404 2681 511 2745 iedem
526 2683 561 2744 in
575 2680 745 2745 Germania
762 2685 883 2777 utique,
912 2686 1015 2746 immo
1031 2683 1117 2745 iude·

64 2782 258 2871 adpareret
280 2782 405 2846 obiecta
427 2786 525 2851 etiam
544 2796 633 2867 parte
645 2783 813 2857 habitatio,
846 2799 879 2855 et
893 2787 968 2879 quia
983 2785 1052 2868 poii
1072 2784 1118 2846 in·

62 2890 101 2965 iit
113 2888 257 2953 recenset
270 2886 421 2950 Cimbros
436 2900 469 2947 et
484 2887 673 2955 Teutonot,
697 2906 770 2947 cum
787 2885 872 2949 Mela
888 2887 1012 2968 optime
1034 2904 1115 2947 con·

63 2988 176 3062 sentit,
190 2988 294 3073 quiet
309 2990 343 3056 in
357 2988 575 3059 scandanavia,
589 2989 759 3059 Teutonos
774 2985 829 3049 iiro
843 2999 944 3051 aetate
958 2986 1111 3072 agnoscit.

63 3093 210 3159 Plinium
240 3110 307 3161 uon
331 3102 415 3155 tecte
439 3091 523 3181 cepit
546 3088 696 3165 Solinut,
729 3100 763 3149 et
784 3087 862 3151 hinc
885 3090 1049 3153 seronem
1073 3089 1111 3158 itt

65 3196 236 3267 Germania
257 3194 371 3275 ponit,
397 3210 475 3279 quae
492 3189 583 3273 super
600 3190 703 3263 linum
720 3189 892 3261 Codanum
914 3211 981 3253 non
1001 3204 1114 3251 cittene

66 3298 173 3371 ditur,
199 3280 271 3366 vei,
297 3294 319 3359 Ιι
334 3294 534 3363 extendatur,
559 3304 596 3353 ut
611 3304 704 3377 putat
717 3292 883 3355 Pontanut
901 3312 928 3354 c.
943 3292 964 3355 1.
978 3311 1011 3373 p.
1023 3288 1109 3367 671,

65 3400 104 3475 ut
121 3396 355 3482 indigitandam
374 3395 629 3463 Soandunoviam
643 3391 728 3466 fucit,
768 3394 876 3478 Quam
897 3412 970 3463 com
986 3392 1112 3457 Piiniue

67 3520 94 3567 c.
109 3500 133 3564 i.
154 3501 191 3565 in
207 3498 275 3575 iiuu
292 3497 427 3570 (iudano
444 3509 561 3577 ponat,
587 3515 655 3558 non
671 3494 774 3584 potest
789 3497 844 3559 ille
857 3514 951 3556 mont
965 3496 999 3554 iu
1018 3495 1114 3556 Scan·

68 3602 209 3670 danucia
228 3598 330 3670 fuisse,
354 3618 414 3672 uec
435 3598 512 3661 hinc
526 3597 746 3661 Scandtnovia
769 3595 829 3659 effe
850 3596 966 3659 suedia
984 3608 1017 3659 et
1030 3594 1115 3657 tior-

69 3704 185 3791 tregia,
224 3701 332 3787 Quoto
346 3700 455 3785 potina
470 3700 572 3761 ruaior
584 3700 644 3761 aiio
659 3697 702 3763 est
714 3697 813 3760 insuia
830 3696 1007 3770 Sicloruiio,
1032 3716 1114 3779 quae

71 3805 117 3873 ibi
143 3804 189 3879 eii
214 3805 365 3875 maxima.
407 3803 450 3875 Et
478 3800 517 3862 fic
545 3798 658 3871 diserte
685 3799 887 3885 Agathemer.
907 3814 941 3868 o,
960 3808 996 3879 4.
1016 3797 1119 3861 dicitr-

71 3901 204 4003 μεγάλη
225 3896 433 3978 {numius
419 3896 440 3989 η’
462 3900 567 3975 κεῖται
587 3891 653 3967 ituri
675 3896 734 3988 ripa
755 3895 940 3988 iitpiiputiyv
960 3895 1043 3988 Χερ
1008 3894 1118 4001 ppo'unae

73 4026 148 4083 nou,
173 4018 212 4079 ut
226 4005 330 4101 post
321 4027 356 4066 tn
371 4013 405 4066 re
421 4016 498 4069 nota
513 4004 554 4067 tie
567 4002 712 4068 Sardinia
726 4000 871 4067 Corsicae
886 3987 1036 4067 subiecti.
1075 4000 1117 4069 In
1189 4064 1193 4073 ,

72 4110 223 4195 turon
226 4096 411 4208 ionop-
430 4118 466 4185 ιι
485 4104 688 4204 sequutura
708 4118 819 4181 ιοιιιιι
837 4104 1023 4200 iuuetiffl
1044 4120 1125 4182 ιιιι·
