2558 4606
180 324 237 388 tu
263 328 400 391 rona.
429 327 537 429 nac.
577 330 692 391 nnc
734 333 768 393 c.
788 335 840 397 vt·
882 335 961 407 to
1035 344 1097 435 αρε,

51 493 204 596 ᾷυνεχυΐς
234 497 435 591 tundnau,
470 498 575 593 iliada
605 503 765 591 γίγνεται.
832 507 976 587 Aedibus
1006 513 1098 577 enim

51 600 193 691 agitatur
214 602 381 687 Oceanus,
407 610 493 689 quod
518 606 576 668 luia
601 610 758 671 militibus
780 610 982 694 incognitum
1005 608 1099 677 inille

52 707 162 770 scribit
175 706 237 768 lul.
256 706 343 770 Cael.
363 719 398 788 4,
413 723 472 790 29.
513 700 778 799 Hincfervidum
796 725 888 772 vocat
905 734 979 773 eum
1000 712 1100 777 Ocea·

52 830 135 873 num
155 810 297 872 Eumen.
321 812 356 871 in
378 830 529 895 panegyr.
550 813 583 873 io
607 812 828 875 Constantium
843 812 931 876 Caes.
952 835 1020 896 cap.
1041 810 1099 899 14¹·

52 925 86 975 et
106 911 273 974 Ammian.
295 926 354 983 27,
372 921 406 988 8.
429 932 462 995 p.
482 924 565 992 585.
584 914 728 992 (Gron.)
752 916 957 990 reciprocum,
984 916 1100 978 adtolli

53 1011 219 1077 horrmdis
237 1008 373 1103 aestibus
394 1005 570 1106 adsuetum.
618 1012 671 1079 cl.
695 1015 781 1079 Ptin.
800 1031 838 1088 2,.
852 1034 912 1099 99.
938 1016 959 1082 l.
977 1036 1037 1097 97.
1060 1037 1099 1081 ex

53 1114 196 1196 Pytheae
215 1114 406 1191 narratione.

128 1317 398 1403 gemmae-4
447 1322 509 1385 Sed
531 1343 599 1385 non
622 1323 691 1387 eiua
711 1326 823 1406 pretii,
850 1325 939 1388 cuius
960 1325 1100 1391 Indicae.

56 1420 188 1487 Constat
221 1436 347 1495 tamen,
388 1435 512 1486 veteres
545 1428 580 1485 in
607 1424 668 1487 hoc
694 1428 847 1509 opinione
873 1429 1024 1508 deceptor
1047 1427 1102 1507 rel

57 1524 208 1606 exemplo
231 1525 305 1585 iulii
324 1523 479 1595 Caesaris,
511 1528 567 1607 qui
588 1546 698 1587 earum
718 1511 769 1608 spe
791 1530 907 1589 dicitur
926 1530 960 1587 in
981 1528 1104 1591 Britan·

57 1610 145 1688 niam
169 1626 342 1698 trauaiiffe,
374 1643 411 1687 ut
433 1627 571 1710 exprelle
594 1628 672 1688 dicit
699 1629 885 1692 Suetoniuc.
913 1625 1000 1719 [cap.
1018 1610 1102 1717 47]

60 1746 126 1821 rac.
144 1745 349 1791 onortortva
365 1726 441 1790 MS.
484 1728 751 1793 Commemorant
764 1744 797 1791 et
813 1731 875 1801 alii,
896 1730 1000 1807 velini
1012 1732 1105 1799 Taci-

58 1841 108 1891 tut
124 1830 159 1890 in
177 1830 323 1914 Agricola
339 1850 405 1910 cap.
430 1847 481 1892 ια.
511 1829 565 1910 qui
582 1829 711 1891 Oceano
729 1830 857 1901 tribuit,
882 1830 932 1891 led
952 1820 1105 1895 [obfuscat

60 1928 150 1993 luiffe
163 1950 200 1993 ac
213 1932 350 1994 liventes
366 1933 465 1992 addit.
493 1931 619 1993 Plinius
635 1949 670 2009 9,
687 1943 746 2007 57.
762 1928 782 1994 l.
801 1945 856 2011 55.
872 1954 994 2009 parvus
1013 1932 1105 2016 (cum

58 2052 172 2114 *carram
196 2032 437 2111 amplitudinem
458 2034 564 2092 landet
582 2029 825 2114 Suetoniuallac
842 2033 998 2095 decolores
1020 2034 1104 2111 naici

60 2136 94 2197 in
112 2134 274 2196 Britannia
289 2149 410 2195 certum
428 2136 623 2214 pronuntiat,
649 2148 680 2195 et
700 2135 775 2195 inde
791 2134 964 2206 thoracem,
988 2114 1106 2198 Veneri

63 2237 223 2301 Genitrici
245 2234 384 2297 dicatum
409 2237 588 2319 intemplo
613 2256 629 2297 a
655 2236 737 2297 lulio
754 2234 895 2305 Caelata.
918 2234 1037 2298 facturn
1054 2238 1107 2298 'ad-

62 2339 179 2402 firmot.
222 2335 322 2400 etet
338 2338 440 2399 Sulin.
460 2339 519 2415 56.
538 2336 558 2399 l.
577 2350 636 2417 55.
669 2338 856 2399 Ammianus
873 2337 929 2400 lib.
946 2354 967 2400 2
974 2352 1006 2418 5.
1024 2353 1105 2404 extr.

62 2443 118 2523 qui
135 2440 172 2503 iu
193 2457 301 2501 aarum
319 2430 410 2500 tenui
425 2440 528 2521 pretio
544 2437 718 2509 consentit.
745 2453 777 2501 et
792 2460 873 2521 quoa
889 2453 1045 2523 praeterea
1060 2428 1106 2502 ibi

64 2540 422 2625 notavitLindenbrog.
451 2541 605 2603 Ceterum
617 2539 721 2602 Melae
737 2542 845 2603 locum
862 2555 1023 2623 utcunque
1036 2542 1108 2613 red,-

65 2644 150 2705 didit
166 2642 341 2731 lornandec
357 2643 397 2703 de
410 2642 504 2703 rebus
520 2641 594 2705 Get.
608 2661 634 2703 c.
654 2660 686 2704 a.
703 2632 773 2703 taht'
781 2665 838 2723 per
850 2664 918 2704 auin
938 2644 1015 2705 dicit
1030 2642 1108 2705 mul·

66 2758 102 2808 ta
117 2766 215 2828 quarn
232 2728 377 2806 martimo
391 2742 547 2825 relabique
551 2736 695 2830 flumina
706 2764 844 2825 gemmas
852 2748 1107 2829 margaritasque

64 2848 241 2909 volventia.
259 2864 375 2933 rzsctt.
410 2840 576 2929 Quaenam
594 2842 666 2905 l'unt
683 2846 753 2906 illae
769 2836 939 2929 gemmae?
962 2847 1108 2909 Flumina

66 2949 120 3015 isso
143 2944 332 3034 gemmifera
353 2960 386 3009 et
406 2944 632 3031 ntargaritifera
654 2965 740 3008 mera
762 2944 906 3029 profecto
931 2944 1001 3007 lunt
1022 2964 1110 3007 com·

67 3064 176 3113 menta
217 3049 256 3111 ad
287 3030 508 3137 anparandnm
544 3048 628 3109 stulti
661 3034 864 3129 Imperatoris
895 3046 1114 3130 triumphurn.x

67 3152 148 3215 Non
163 3148 277 3213 desunt
292 3164 400 3213 tamen
424 3150 502 3211 boni
517 3151 596 3218 viri,
623 3150 678 3230 qui
692 3163 810 3231 putant
826 3149 1022 3231 Britanniam
1042 3152 1110 3232 opi·

67 3252 128 3318 but
144 3265 179 3316 et
194 3253 315 3315 divitiis
334 3252 397 3314 illia
420 3253 498 3314 olim
515 3243 696 3311 instructam
713 3238 813 3314 inille.
865 3253 984 3312 Verum
1005 3252 1068 3314 hoc
1090 3250 1111 3313 ii

69 3354 163 3426 oller,
192 3372 261 3417 nou
283 3355 422 3415 tamdiu
444 3354 599 3413 immunia
622 3349 726 3412 fuiffet
741 3353 779 3413 ab
801 3355 932 3415 avaritia
947 3354 1110 3416 Romano·

70 3476 154 3521 rum.
190 3452 363 3541 Suffecillet
385 3467 544 3539 praeterea
565 3454 643 3515 haec
661 3450 758 3515 insula
778 3455 875 3518 unitae
894 3455 1030 3541 legionis
1051 3457 1110 3517 im·

69 3556 191 3643 profic,
222 3559 309 3639 quod
332 3571 438 3619 tamen
460 3568 557 3639 negat
577 3555 703 3619 Strabo.
727 3548 786 3642 [4.
810 3577 841 3638 p.
865 3550 1110 3645 15fl.l.aoo.]

72 3661 205 3723 Thorax
224 3660 295 3730 ille,
321 3678 417 3741 quem
434 3658 550 3719 Veneri
570 3658 725 3743 genetrici
742 3660 859 3718 dicavit
875 3658 977 3720 lulius
990 3657 1109 3727 Caesar,

70 3784 139 3827 non
161 3760 293 3839 videtur
316 3780 354 3822 ex
376 3758 567 3821 Britanniclt
595 3759 773 3842 margaritia
799 3757 887 3820 inille
910 3760 1111 3842 compositus,

71 3862 127 3928 led
148 3860 196 3925 'ert
222 3860 328 3945 parvis
352 3874 385 3923 et
411 3860 631 3931 decoloribua,
665 3860 747 3943 quot
780 3873 885 3922 tamen
912 3860 1113 3924 Britannicos

68 3954 160 4031 'rredi
184 3954 331 4034 volebat,
364 3958 406 4024 ne
429 3960 538 4025 frullra
564 3960 763 4029 Britanniam
789 3959 908 4045 petiiffe
935 3962 1112 4031 videretur,

70 4064 127 4134 'Sic
150 4067 244 4133 eninr
272 4062 454 4152 accipienda
477 4061 551 4127 tunt
579 4062 676 4141 rerba
699 4062 800 4141 Plinii
823 4061 882 4129 lib.
904 4080 939 4145 9.
962 4082 1030 4149 cap.
1054 4076 1112 4146 55.
1219 4042 1237 4063 ”
