2558 4606
177 337 244 403 rer
451 294 613 403 norro
649 335 954 401 aruourrcrrr
1012 360 1101 417 ³3..

171 534 264 579 rcum
278 512 341 578 hoe
357 514 465 599 potina
482 516 518 577 lit
535 514 684 580 comario
703 515 879 579 Ptolemaei
896 533 923 576 e.
938 512 962 577 l.
987 526 1026 575 ut
1037 504 1228 591 ,iarn'autea

187 607 343 680 iudicavit
368 619 526 683 Ferrarius
550 620 585 679 iu
611 619 688 682 Lex.
713 617 829 701 Geogr.
852 612 875 679 i.
897 636 928 676 v.
953 613 1144 693 Golaieum.
1170 616 1233 681 ubi.

188 718 357 783 Baudrand
380 720 517 781 aliorum
534 717 702 783 sententiaa
716 716 828 797 adfert.
880 715 1034 781 Ceterum
1047 736 1116 802 non
1130 717 1230 781 nimie

189 818 298 883 levero
320 820 474 905 exigenda
501 819 562 883 elie
581 840 618 885 ea
640 821 718 882 dicit
739 818 902 883 d'dnville
922 830 1056 901 p.125.
1082 838 1166 901 quae
1188 818 1229 881 de

191 920 397 1007 conversione
414 942 487 999 orae
502 925 537 983 in
554 921 618 985 hoe
633 921 858 1004 promontorio
870 932 984 993 narret.
1003 914 1117 981 ..immo
1132 921 1232 982 maxi·

191 1042 246 1085 me
263 1010 443 1099 miranduni
458 1022 535 1096 elle.
559 1024 645 1106 quod
658 1044 728 1085 earn
743 1023 777 1084 iu
792 1022 851 1084 hac
867 1042 920 1085 ora
937 1024 1074 1099 omnino
1086 1022 1231 1097 noverit.

194 1142 268 1184 curn
292 1124 495 1188 Ptolemaeus
524 1126 732 1209 ignoraverit.
783 1124 848 1185 Hic
869 1143 987 1206 nempe
1007 1122 1117 1197 multo
1139 1123 1233 1189 aliur

190 1223 288 1315 latera
301 1225 378 1289 haec
393 1212 503 1291 Indiae
516 1216 650 1297 ostendit
663 1239 697 1291 et
711 1239 819 1290 contra
834 1244 959 1289 verum.
1008 1264 1012 1273 ·

272 1429 458 1513 Ganges)
501 1430 556 1494 Gr.
579 1422 729 1515 Γάγγης.
769 1428 935 1491 dinvene
962 1446 1085 1492 nomen
1111 1424 1234 1491 mutire

194 1516 292 1591 tradit
306 1529 432 1613 spurina
447 1531 605 1596 Plutarch.
622 1533 663 1593 de
682 1531 772 1594 dum.
784 1530 818 1593 h.
833 1552 864 1595 v.
887 1526 985 1613 quise
1004 1533 1036 1591 in
1055 1549 1131 1591 enm
1148 1548 1234 1611 prae·

196 1632 358 1714 cipitavit,
383 1654 458 1695 curn
474 1647 564 1696 antea
581 1632 737 1711 cutinus
752 1647 930 1695 vocaretur.
968 1631 1102 1713 Gangen
1115 1650 1134 1693 a
1149 1630 1233 1693 Gan·

194 1732 503 1813 gereretuliiffimo
526 1735 636 1796 Indiae
660 1754 735 1817 rege
761 1734 895 1806 dictum,
922 1735 1080 1815 quosdam
1103 1730 1234 1817 pntaffo,

195 1831 292 1896 refert
311 1835 480 1898 Boccatiua
501 1834 541 1903 de
562 1833 750 1899 fluminibus
765 1834 798 1897 h.
814 1855 849 1898 v.
902 1834 1015 1897 Oritur
1036 1832 1096 1897 lec.
1115 1834 1235 1909 Melam

194 1933 231 1997 in
254 1935 397 1998 Hemode
421 1936 538 1999 Indiae
561 1927 668 1998 monte
694 1936 800 1999 multis
818 1928 984 2025 foralibus.
1035 1932 1235 2013 Secutus-ost

174 2031 452 2110 'Artemidorum
485 2041 541 2121 qui
563 2037 639 2100 teile
660 2038 815 2099 Strabone
837 2050 890 2114 15.
911 2057 982 2121 pag.
997 2049 1084 2118 494.
1109 2036 1234 2117 [719.

195 2137 283 2199 idern
300 2139 440 2201 tradidit.
473 2137 542 2221 lple
555 2158 632 2201 vero
647 2138 758 2202 Strabo
775 2151 865 2201 antea
878 2159 910 2220 p.
920 2150 1005 2218 474.
1021 2138 1042 2201 l.
1055 2141 1143 2220 690.
1158 2156 1236 2202 eum

196 2250 231 2297 et
250 2239 368 2299 lndnm
389 2241 530 2319 aliosque
546 2259 564 2300 e
579 2238 716 2302 Caucaso
733 2240 867 2305 derivat.
900 2235 981 2303 'tiro'
1002 2262 1088 2313 τινος
1103 2232 1238 2303 Kaunoi·
1258 2320 1262 2325 Ι

197 2357 257 2400 σου
295 2331 389 2426 ὅρους
420 2336 578 2427 οἷρκτικοῢ
612 2336 811 2411 α’νατολικοῦ
843 2340 985 2405 Eustath.
1024 2342 1064 2404 ad
1100 2338 1235 2421 Dionys.

164 2474 165 2477 κ
197 2459 232 2501 v.
254 2451 359 2527 regg.
381 2454 418 2501 ut
435 2443 534 2502 Indua
549 2454 588 2502 ex
604 2445 718 2502 eodem
736 2439 836 2504 fonte.
877 2444 940 2505 Sed
959 2444 997 2505 ad
1012 2464 1045 2513 r.
1067 2454 1175 2522 ¹¹43·
1198 2460 1237 2505 ex

196 2540 333 2603 Emonia
348 2542 520 2604 'montibus
543 2544 642 2605 ducit.
693 2544 815 2606 Plinius
833 2545 866 2613 6,
886 2560 945 2611 99.
968 2543 1067 2621 l.18.
1092 2544 1236 2625 Gangen,

196 2632 322 2722 inquit.
350 2643 406 2705 altr·
428 2645 556 2704 incertis
565 2635 731 2733 fontibus,
755 2658 792 2705 nt
811 2644 933 2715 Nilum,
962 2679 1003 2691 -
1033 2646 1146 2709 aluta
1163 2646 1237 2729 Scy·

197 2742 296 2804 thiais
312 2742 469 2824 arantibus
483 2735 572 2836 nosci
584 2745 745 2816 dixerunt,
769 2766 849 2827 quae
869 2748 965 2809 verba
980 2748 1120 2810 reddunt
1133 2748 1236 2813 Solio.

197 2863 226 2908 c.
244 2856 301 2921 59.
320 2843 341 2906 l.
354 2855 413 2922 55.
430 2860 463 2907 et
478 2846 573 2909 Mart.
591 2847 719 2928 Capella
737 2850 770 2911 6.
784 2869 817 2929 p.
829 2862 913 2925 995.
935 2864 968 2910 et
983 2849 1051 2931 poll
1068 2849 1236 2913 Bouron

197 2946 239 3007 de
258 2946 446 3009 fluminibus
461 2946 493 3009 b.
513 2969 544 3008 v.
578 2948 640 3009 Sed
661 2948 790 3011 Orolina
810 2969 838 3019 ι,
856 2965 889 3011 9.
904 2969 936 3033 p.
954 2966 1013 3013 91.
1031 2952 1082 3013 ed.
1097 2952 1236 3017 Havete.

198 3068 304 3119 mou-r,
336 3051 460 3129 inquit,
493 3040 682 3139 Oscobares,
703 3051 845 3129 (variant
870 3048 994 3131 codd.)
1028 3049 1082 3113 ubi
1107 3052 1238 3133 Ganges·

187 3142 315 3237 fluvius
335 3150 446 3212 oritur.
473 3153 594 3243 (prope
612 3151 735 3229 Dahae)
771 3148 901 3215 Curtius
922 3142 955 3231 3,
978 3171 1011 3233 9.
1035 3164 1069 3231 5.
1090 3152 1133 3214 ab
1151 3166 1235 3225 ortu,

196 3251 319 3332 inquit,
343 3252 475 3312 eximius
487 3251 532 3311 od
547 3250 749 3313 meridianam
768 3256 919 3334 regionem
935 3254 1088 3325 decurrit,
1116 3250 1174 3317 ubi
1195 3251 1237 3315 ab

196 3366 270 3413 ortu
291 3355 461 3435 exponitur
477 3353 516 3414 rie
532 3355 673 3436 origine,
700 3374 795 3435 quam
817 3356 857 3416 tic
873 3374 953 3439 vage
969 3356 1066 3419 nimio
1081 3357 1238 3433 indicavit

197 3452 340 3516 Curtius.
393 3455 459 3514 Diu
476 3467 508 3516 et
531 3442 693 3536 posteriori
708 3474 789 3516 aevo
808 3455 969 3519 latuerunt
982 3457 1088 3521 fontes
1104 3458 1235 3543 Gangis.

197 3558 292 3635 quare
321 3555 399 3616 haec
430 3555 635 3637 discrepantia
659 3554 748 3618 facile
772 3556 949 3630 excusatur,
985 3572 1017 3620 et
1042 3564 1238 3624 recentiore·

191 3657 295 3718 'etiam
318 3656 469 3739 superiori
491 3655 613 3719 saeculo
636 3657 697 3721 elle
724 3662 931 3741 putarunt'in
958 3661 1162 3739 montibus.
1180 3661 1236 3745 qui

194 3757 321 3819 indiam
338 3780 355 3820 a
370 3758 513 3820 Thibeto
533 3760 706 3829 dirimunt.
732 3780 805 3822 curu
822 3774 929 3824 tamen
944 3762 1019 3825 hinc
1035 3784 1054 3841 ⁰.
1069 3764 1237 3841 montibus

197 3859 329 3921 demum
352 3861 570 3945 progrediatur
587 3873 620 3922 et
633 3862 778 3945 adpareat
792 3864 906 3948 magis.
943 3864 1088 3927 Debetur
1102 3867 1237 3951 originis

193 3954 311 4023 notitia
325 3962 458 4031 lesuitie,
476 3963 531 4043 qui
547 3960 628 4022 iullu
649 3964 847 4045 imperatoria
867 3964 1079 4029 Chineuiium
1096 3965 1238 4031 Itan-nt

193 4062 250 4126 illa
262 4063 330 4127 loca
348 4064 554 4147 explorarunt
569 4077 603 4127 et
615 4062 730 4131 tabulis
745 4064 969 4155 euprellerunt.
1007 4069 1058 4132 Ex
1075 4088 1142 4155 quo
1155 4082 1239 4135 tem·
