2558 4606
135 308 137 313 ¹
189 354 267 424 tlt·
456 343 623 405 uorsa
656 345 968 405 exacuatcta

185 520 247 585 bue
262 518 433 603 Rhipaeis,
461 539 477 581 a
495 534 586 604 tergo
607 519 673 583 Asia
694 532 727 582 et
742 519 834 581 Pbest
853 520 999 581 flumine.
1038 518 1172 581 Araxem
1191 531 1235 581 ta·

188 645 264 709 men
280 626 313 683 in
335 623 528 703 expeditorte
545 620 655 683 contra
671 621 802 700 Scythae
818 622 941 700 Cyrum
962 621 1113 682 transiisse
1136 623 1235 682 etiam

189 727 244 788 bic
258 724 363 787 scribit
384 745 412 792 r,
428 735 461 799 8,
481 736 515 801 5.
546 725 634 783 'l'ttm
645 723 799 807 sitVolgtt,
820 743 916 804 qnam
930 722 1075 800 Scythae,
1093 743 1108 783 a
1126 720 1235 785 Massa·

190 828 274 914 getie
290 824 418 908 expulit,
444 839 529 886 recte
549 828 647 891 etiam
664 829 795 887 transire
815 837 1001 915 potuerunt.
1025 825 1110 887 ·V.id.
1135 825 1237 887 Hero·

192 930 260 993 dot.
276 938 312 1007 q.
333 945 390 989 ιι.
424 940 457 986 et
477 945 557 1007 quae
578 924 718 1009 tsitputat
745 927 902 1013 chhart.
916 929 948 987 in
972 925 1091 1010 l'baleg
1116 940 1152 1005 5,
1179 938 1235 1005 ²5·

191 1031 232 1095 rit
251 1029 430 1110 interpellat
448 1028 481 1088 itl
504 1024 609 1111 ipsum
624 1027 827 1097 Herodotua.
852 1029 938 1110 quocl
957 1025 1062 1089 scribit
1083 1029 1121 1088 ati
1145 1046 1236 1089 anro-

191 1152 258 1195 ram
284 1129 419 1211 solisque
448 1140 555 1191 ortum
587 1128 735 1193 habitasse
758 1129 959 1214 Massagetas,
991 1148 1064 1191 cum
1088 1127 1169 1208 Cyri
1189 1148 1238 1191 re·

193 1233 320 1316 spectu,
345 1233 404 1313 qui.
419 1250 459 1292 ex
474 1230 600 1293 Perside
619 1229 754 1316 egressae
770 1231 830 1302 ess,
857 1233 892 1293 in
913 1228 1058 1293 occasum
1076 1231 1187 1313 potina
1203 1242 1237 1293 et

193 1334 455 1421 septemtrionem
477 1333 643 1395 conlocare
661 1331 831 1407 debuisset,
858 1332 877 1393 fi
896 1334 930 1393 in
953 1332 1021 1416 situ
1034 1336 1238 1417 conveniret.

192 1436 295 1500 Porro
316 1455 382 1517 cap.
403 1443 489 1512 204.
516 1435 582 1495 *ubi
605 1431 712 1516 Caspii
736 1437 832 1497 maria
856 1434 950 1495 stlttnt
980 1433 1140 1514 describit,
1165 1454 1238 1497 eant

178 1552 333 1622 partem,
353 1522 442 1617 ‘quae
463 1535 502 1596 atl
526 1533 688 1618 vesperam
709 1538 830 1620 vergit,
857 1533 995 1599 Caucaso
1016 1535 1236 1608 disterminati,

195 1642 338 1720 alteram,
360 1658 439 1719 quac
458 1635 574 1718 spectat
589 1656 733 1705 auroram
747 1652 782 1698 et
802 1640 976 1708 orientem,
993 1639 1133 1720 planitie
1155 1637 1237 1700 taba

196 1743 320 1824 excipi,
346 1740 438 1801 cuiue
460 1758 610 1822 magnam
632 1752 753 1820 partem
772 1738 958 1822 Massagetae
979 1740 1153 1803 tenuerint.
1198 1740 1236 1803 sn

193 1863 260 1927 qtto
282 1842 413 1924 quidem
430 1839 671 1924 Massagetarum
689 1824 800 1902 struet
821 1842 874 1901 alii
896 1839 1120 1911 consentiunt,
1155 1860 1237 1922 quoe

197 1954 431 2015 commemorat
448 1941 602 2005 Cellariue
619 1943 655 2003 in
669 1940 867 2027 Geogr..ant.
884 1954 918 2021 3.
935 1957 993 2013 21,
1014 1959 1073 2023 29.
1096 1940 1154 2005 'ln
1176 1945 1238 2025 pri·

198 2048 262 2109 mia
286 2045 350 2106 huc
371 2041 445 2105 sacit
462 2043 574 2107 Strabo
597 2062 651 2106 ιι.
674 2063 746 2129 pag.
765 2056 849 2123 552.
871 2041 894 2107 s.
912 2055 998 2122 512.
1028 2044 1085 2126 qui
1107 2045 1238 2109 eoadem

117 2130 120 2143 ’
198 2147 397 2228 Massagetae,
423 2157 532 2205 contre
549 2164 629 2227 quoe
642 2144 747 2225 Cyrae
761 2144 882 2209 bellom
900 2141 1020 2229 gessit,
1031 2164 1134 2229 prope
1149 2148 1241 2211 Sacer

199 2249 238 2311 ad
263 2261 369 2308 ortum
393 2243 498 2326 Caspii
520 2248 614 2325 matie
636 2247 746 2329 ponit,
782 2266 959 2329 eorumque
979 2248 1108 2333 regioni.
1127 2249 1239 2311 tribuit

198 2351 333 2420 Araxen,
351 2335 507 2433 (Ἂραξον
523 2348 569 2407 ibi
586 2349 716 2428 quidem
731 2349 856 2424 editur)
875 2352 980 2430 quiin
998 2349 1099 2411 multa
1114 2349 1240 2413 brachia

199 2453 347 2521 findatur,
372 2448 503 2529 reliquie
523 2450 607 2511 olliie·
623 2465 713 2511 exeat
730 2451 763 2510 in
782 2470 867 2511 mare
881 2449 1147 2532 septemtrionale,
1172 2471 1238 2515 uno

197 2546 233 2615 in
255 2550 416 2635 Caspium.
459 2551 533 2613 -Pro
557 2551 659 2613 Ataxo
684 2551 794 2613 Oxum
820 2549 855 2615 sl.
878 2572 916 2614 ex
943 2550 1150 2615 Eratosthene
1174 2553 1240 2641 poll

197 2651 310 2734 adsert.
354 2650 406 2719 Cf,
436 2652 476 2712 de
504 2651 680 2737 Massagetis
700 2655 740 2715 arl
767 2676 796 2725 r,
820 2671 853 2722 ιι.
877 2665 912 2730 5.
988 2655 1093 2734 Atque
1123 2656 1167 2722 ita
1198 2655 1238 2719 de

197 2753 319 2823 essluxu
337 2754 419 2836 apud
437 2754 593 2817 Herodot.
615 2776 643 2824 t,
666 2771 749 2818 202.
772 2756 812 2815 ad
835 2756 942 2818 Oxum
963 2756 1059 2817 unice
1077 2757 1238 2838 pertinere
1270 2821 1272 2824 ,

196 2856 463 2942 putat-d'Anville
484 2852 572 2936 (vid.
589 2853 695 2939 insre)
715 2877 747 2939 p.
767 2867 826 2932 δι.
850 2858 883 2916 ἰιι
901 2855 972 2919 hill.
989 2857 1029 2918 de
1048 2857 1068 2918 l'
1076 2859 1238 2921 academie

196 2988 244 3004 ·-
263 2959 304 3020 de
317 2959 405 3020 Paria
422 2957 518 3019 Tom.
537 2959 596 3036 36.
631 2955 683 3020 Cf.
707 2959 803 3019 etiarn
820 2958 860 3020 de
875 2958 902 3018 la
920 2957 1030 3019 Nanze
1047 2957 1097 3019 sor
1113 2959 1236 3023 l’tsraxe

196 3061 253 3123 dee
268 3059 451 3143 Massagetae
468 3057 552 3121 selon
570 3058 733 3123 Herodoto
752 3062 793 3120 T.
811 3060 870 3138 36.
885 3080 918 3141 p.
934 3060 993 3139 69.
1010 3079 1037 3121 c.
1055 3060 1078 3120 l.
1105 3058 1160 3125 Sic
1174 3062 1251 3145 He·¹

197 3164 332 3225 rodotua
347 3180 448 3221 unum
466 3159 562 3222 babet
582 3161 706 3231 ostium,
733 3180 800 3242 quo
819 3159 941 3239 asilum,
965 3161 1086 3242 reliqua
1102 3164 1137 3224 in
1151 3164 1237 3248 pala·

198 3264 254 3325 tlea
271 3263 380 3324 evolvi
396 3259 510 3323 scribit.
538 3263 643 3346 Quarn
659 3262 817 3325 llsetlonea
832 3260 991 3327 obiiciunt
1004 3260 1237 3339 difficultatem,

198 3382 235 3429 ea
257 3362 339 3426 sorte
362 3363 401 3424 stc
422 3363 493 3423 tolli
515 3364 633 3445 potell,
664 3365 838 3434 sttlixerie,
871 3362 958 3445 sttpra
980 3383 1066 3428 mere
1085 3364 1238 3449 Caspium

199 3464 382 3550 Massagetae
405 3453 565 3546 obposttoa
586 3465 725 3528 babuisse
746 3466 922 3537 llsedonae,
948 3461 1090 3551 ³(r’trrt'otr
1111 3468 1233 3533 Herod.

204 3588 234 3637 t,
256 3569 359 3644 aot.)
384 3566 456 3628 illos
477 3581 583 3629 antem
600 3588 639 3629 ett
658 3566 781 3629 setlibua
800 3567 859 3629 soie
875 3568 1028 3629 excitator
1047 3582 1159 3631 contra
1173 3570 1257 3651 Cy·.

199 3687 271 3739 turn
291 3668 330 3729 ad
358 3669 491 3729 Atatem
520 3669 696 3753 progressos
718 3667 824 3736 luisse.
859 3669 944 3750 quoti
967 3669 1098 3749 quidem
1124 3674 1237 3735 innuit

199 3789 265 3850 cap.
284 3784 356 3842 207
372 3767 415 3850 sq.
457 3767 512 3833 Cs.
523 3774 623 3832 etiarn
639 3791 718 3851 qnae
739 3771 940 3852 diaptttatuttt
960 3772 1000 3832 de
1014 3770 1042 3830 la
1058 3769 1171 3835 Nauae
1186 3772 1236 3837 sttr

196 3870 318 3933 l’Araxe
339 3871 400 3933 ‹lea›
418 3870 600 3955 Massagetes
622 3870 707 3933 selon
725 3872 907 3942 Herotlote,
920 3912 927 3923 -.
942 3873 976 3935 io
998 3874 1174 3939 metnoitee
1194 3874 1235 3939 tle

196 3971 377 4035 l’academie
393 4005 445 4020 -
468 3973 508 4034 tle
530 3975 617 4035 Paria
638 3975 680 4037 T.
697 3975 756 4051 36.
778 3995 810 4057 p.
827 3976 875 4054 69
894 3970 957 4055 sqq.
984 3972 1072 4037 etde
1089 3972 1237 4061 Goignee

198 4072 248 4138 sur
265 4075 393 4139 l’erteut
408 4074 608 4163 ti’Herodote
621 4072 673 4137 sur
686 4073 809 4141 l'slratte
825 4076 869 4139 ib.
884 4095 918 4158 p.
930 4075 978 4154 76
991 4072 1055 4160 sqq.
1089 4077 1133 4141 At
1146 4078 1234 4163 apurl
