2558 4606
183 370 238 433 ru
266 368 406 431 tour.
435 366 547 427 ruat.
587 368 699 429 ωτι
741 365 851 429 cnr.
888 365 995 442 aaa
1057 370 1101 454 γ,

54 546 112 611 dat
137 534 204 609 rint
223 544 431 633 Nibeinngeu
451 545 543 609 Lied.
584 546 658 608 vid.
685 543 804 607 Miilier
826 542 866 606 ati
890 544 1028 609 Gntirrie
1048 580 1100 599 -

55 648 197 735 Ailgem.
213 646 446 713 weit-oeteo.
465 648 535 711 vot.
558 658 613 721 ις’.
634 646 675 711 Τ.
697 667 727 710 ι.
742 666 775 728 p.
792 659 852 724 83.
887 646 938 710 Ab
954 634 1100 711 Hermu

56 746 152 811 nibus
167 749 232 820 aiii,
254 750 341 833 quod
357 768 531 813 commune
548 746 645 811 inerit
658 768 780 809 nornen
798 749 994 821 suevorum.
1019 750 1101 813 Her·

55 850 309 925 munduromm,
325 852 516 917 Chattorum
530 864 563 914 et
574 848 819 924 Cheruscorum,
836 851 998 934 idemque,
1010 850 1100 934 quod

56 952 233 1027 Germani,
271 953 509 1041 fignificaverit3
552 950 614 1015 effe
647 952 746 1036 igitur
776 952 861 1034 quoii
891 952 1102 1027 Hernmmrm

55 1050 318 1128 Waeermumar.
345 1069 378 1119 et
392 1057 556 1119 Romanoa
573 1054 647 1117 inde
663 1052 781 1116 finxilie
797 1055 990 1127 Germanou,
1016 1054 1101 1138 quoii

55 1154 182 1219 fratrem
221 1158 451 1220 vincerunt.
469 1158 503 1217 in
520 1156 672 1239 scriptorr.
689 1176 749 1219 rer.
763 1155 985 1220 Brunsvicerri.
1004 1158 1045 1221 T.
1069 1178 1100 1223 r.

55 1276 90 1343 p.
105 1274 142 1339 9.
165 1270 199 1323 et
215 1258 255 1321 ati
272 1260 375 1323 Tacit.
396 1260 430 1319 in
446 1258 556 1321 Germ.
576 1278 643 1341 cap.
662 1275 695 1323 a.
722 1259 865 1341 itemque
886 1260 1044 1323 Heinrich
1065 1260 1102 1323 iu

56 1358 243 1425 Teutichen
266 1359 523 1425 uciche-oeteo.
540 1360 581 1423 Τ.
604 1382 635 1425 ι.
655 1380 688 1443 p.
704 1380 749 1423 m.
768 1374 828 1438 27.
881 1363 932 1423 D'e
952 1360 1103 1425 fratribrre

55 1462 196 1545 praeivit
209 1461 324 1526 Strabo
339 1463 396 1527 lib.
413 1476 448 1538 7.
462 1482 533 1547 pag.
554 1476 638 1525 ooo.
656 1458 676 1525 i.
695 1478 780 1541 290.
834 1462 887 1525 Sic
901 1462 1043 1528 Eussatii.
1060 1461 1103 1525 tri

53 1561 198 1655 pionyi.
221 1584 255 1628 v.
271 1576 357 1645 235.
395 1560 520 1649 γνήσιοι
560 1560 652 1627 nurci
678 1558 851 1653 Ῥωμαίων
884 1560 1042 1649 γλῶσσαν
1073 1560 1104 1625 ci

56 1656 226 1755 Γερμανοὶ
247 1656 486 1755 inpertiamus,
510 1656 552 1739 ὡς
569 1658 608 1726 riv
622 1660 747 1749 γνήσιοι
761 1660 950 1741 Γαλάταις,
978 1660 1024 1741 οἷς
1046 1648 1106 1739 toi

58 1784 155 1831 unctu
178 1762 210 1830 ἐν
231 1766 394 1857 μορφαῖς,
422 1760 478 1830 καὶ
498 1762 596 1843 βίοις.
631 1756 687 1829 καὶ
708 1758 821 1853 ἤθεσι,
845 1780 879 1829 et
897 1768 987 1831 addit
1007 1786 1105 1855 quoe·

59 1868 134 1931 riam
149 1870 250 1931 etiarn
272 1860 442 1949 ἀδελφοὺς
455 1868 622 1951 explicare.
657 1866 708 1931 Cf.
724 1882 757 1930 er
766 1869 909 1931 Glarean.
926 1870 966 1931 ad
981 1870 1103 1933 Lucan.

61 1970 95 2041 6.
117 1982 206 2051 259.
238 1964 288 2035 Τὸ
304 1990 379 2031 mon
399 1968 554 2031 arceffunt
568 1988 607 2031 ex
623 1968 732 2053 lingna
749 1970 947 2035 Germanica.
982 1970 1103 2053 Alting.

60 2080 172 2135 tamen
189 2072 224 2133 in
240 2068 337 2135 defer.
353 2072 418 2157 agri
432 2064 543 2132 Batavi
560 2069 598 2133 P.
617 2090 646 2133 r.
667 2090 738 2155 pag.
754 2072 814 2147 76.
835 2072 975 2154 primum
999 2071 1105 2134 homi·

60 2192 139 2237 nem
162 2170 184 2235 s.
203 2172 362 2233 Mannum
384 2186 476 2255 putat
499 2190 612 2234 omnen
629 2186 741 2257 genter
764 2185 797 2235 et
820 2170 892 2236 [uae
916 2187 950 2234 et
971 2174 1106 2237 aliarum

61 2286 227 2339 auctorem
244 2273 395 2338 hobuiffe.
448 2272 532 2335 Mihi
547 2273 677 2355 qnidam
689 2274 830 2343 adridet.
857 2274 877 2333 sr
894 2276 970 2357 quid
985 2276 1029 2339 ert
1048 2274 1107 2336 eli·

61 2376 227 2461 gentium.
251 2374 406 2439 sententia
427 2392 559 2445 eorum,
588 2376 703 2457 quiex
724 2376 865 2460 neglecta
881 2377 1104 2439 Romanorum

60 2476 175 2563 lingua
195 2490 229 2542 et
248 2492 357 2541 vetere
379 2474 483 2541 nostra
504 2477 661 2562 originem
684 2478 819 2538 ducunt.
872 2476 991 2541 Melior
1015 2477 1105 2541 enim

60 2578 118 2651 td.
141 2598 217 2641 corn
234 2578 309 2643 teste
321 2580 435 2641 Tacito
450 2574 487 2639 in
501 2578 610 2641 Germ.
626 2598 654 2643 c.
672 2594 705 2641 o.
722 2576 743 2641 f.
768 2578 810 2641 ob
825 2593 949 2642 metum
971 2599 988 2642 n
1007 2558 1106 2643 ricto·

62 2680 154 2744 ribue
172 2680 212 2743 fic
227 2676 387 2744 nominati
402 2676 533 2762 fuerint,
556 2680 719 2743 convenit.
773 2681 863 2743 idern
880 2700 958 2745 vero
973 2700 1000 2744 c.
1018 2682 1041 2743 l.
1058 2700 1107 2743 re·

64 2802 142 2848 cene
164 2782 224 2845 effe
247 2802 368 2845 nornen
391 2796 521 2852 monet.
547 2798 581 2843 et
602 2802 703 2862 nuper
725 2780 889 2853 addenem.
915 2794 951 2843 ut
972 2782 1106 2865 plurimi

65 2904 107 2948 ex
121 2902 208 2945 nexu
223 2886 339 2947 rectiua
352 2885 457 2969 legere
472 2882 641 2953 videntur.
663 2883 775 2953 itaut,
801 2901 880 2965 quae
895 2886 1036 2967 primurn
1052 2884 1106 2944 ari·

63 2986 197 3071 peliatio
213 3000 295 3057 erat.
322 2989 354 3049 in
377 3004 499 3049 nomeu
519 2986 625 3068 gentis
640 2984 804 3066 proprium
820 2986 974 3047 transiret.
1012 2983 1107 3047 Leib·

64 3088 168 3151 nitiue
185 3088 316 3170 quidem
332 3108 359 3152 c.
373 3087 395 3150 i.
414 3086 601 3149 Hannibalis
618 3098 764 3167 tempore
778 3098 895 3147 notum
911 3082 1001 3149 turne
1014 3098 1107 3171 putat
1234 3123 1238 3131 -

65 3196 109 3254 'ex
132 3186 215 3252 festio
238 3188 443 3273 Capitolinis,
468 3184 529 3272 (ci.
548 3186 675 3267 Gruter.
693 3186 734 3250 Τ.
755 3206 786 3251 ι.
812 3206 846 3271 p.
865 3185 973 3272 297.)
998 3206 1107 3269 quam·

64 3310 163 3373 quarn
186 3292 241 3354 alii
263 3306 393 3375 propter
412 3279 624 3353 recentiorem
650 3306 763 3351 eorum
784 3300 920 3351 aetatem
945 3287 1105 3353 dubitent.

64 3392 141 3455 vid.
160 3392 346 3479 Schoeuing
361 3394 396 3454 in
412 3390 469 3453 der
484 3392 620 3475 Aligeru.
635 3387 861 3454 weit-Gefch.
878 3390 1022 3455 Neuerer
1036 3390 1106 3453 zet·

64 3506 122 3559 terr
135 3494 212 3558 vor.
232 3508 288 3575 15.
305 3515 339 3577 p.
357 3509 414 3558 aa.
429 3507 497 3555 not.
514 3514 546 3556 x.
584 3492 715 3554 Tacitus
731 3512 758 3556 c.
774 3489 797 3555 1'.
816 3492 983 3576 indigenae
995 3492 1106 3564 credit,

65 3599 141 3681 quia
169 3616 300 3668 omnen,
334 3598 390 3679 qni
417 3594 504 3657 iodea
528 3586 701 3664 mutarint.
734 3586 878 3656 claffibue
902 3595 1028 3657 advecti
1051 3614 1107 3656 ve·

65 3698 201 3771 niffeut,
233 3697 410 3761 immunior
432 3715 511 3759 vero
544 3696 597 3758 hic
620 3696 805 3758 interiacent
830 3694 993 3767 Oceanus.
1027 3713 1108 3778 quae

65 3802 199 3885 quidem
214 3802 295 3865 ratio
312 3820 379 3863 non
396 3800 538 3879 undique
552 3797 637 3860 valet
650 3810 683 3859 et
698 3796 822 3858 infirma
836 3795 889 3859 ett.
929 3798 1020 3859 Idem
1038 3794 1108 3879 post

67 3900 190 3987 mmo.
213 3922 269 3967 eor
289 3904 434 3986 primurn„
447 3900 487 3961 fic
503 3900 622 3971 dittoe.
646 3900 702 3980 qui
721 3899 756 3960 in
773 3895 907 3959 Galliam
923 3898 1105 3981 irruperint,

65 4006 336 4068 tutiusadsrrmat.
374 4003 547 4066 Terminus
568 4002 765 4069 Germaniae.
791 4016 872 4080 quoe
895 3998 1010 4073 Noster
1031 4016 1106 4061 corr·

65 4104 183 4183 iltuit,
210 4106 282 4173 uri·
303 4106 455 4180 dedant,
486 4104 634 4186 quamvie
655 4098 783 4169 diverso
806 4100 955 4185 ternpore
974 4097 1107 4165 fuerunt
