2558 4606
200 363 280 423 „ru
307 362 443 423 rotun
473 361 583 423 atet.
623 364 734 425 Lm.
775 366 910 432 Μαι.
951 366 1032 443 io
1092 379 1155 448 *aa

107 536 314 605 Carmaniam
332 540 464 621 antiqno
481 536 600 604 more}-
624 538 778 603 Cetemm
794 541 833 604 sic
848 542 1097 627 Agatharchides
1111 542 1154 607 de

107 645 193 705 mari
206 638 304 704 rubro
319 662 352 724 p.
371 657 430 717 27.
452 638 598 723 (Horis.)
618 642 877 728 Ichthyophagoa
894 643 981 716 suna,
1012 665 1094 727 quoa
1115 640 1155 707 ab

95 742 224 809 ¹Arabia
247 744 286 804 ad
303 744 429 806 Indiam
449 757 640 826 promovet,
665 765 742 807 cum
757 744 887 809 seminia
902 748 1011 811 nudor
1025 745 1086 809 effe
1107 766 1157 809 re·

111 842 174 907 sert
188 845 353 907 Diodorua
370 861 403 922 3,
424 857 480 922 15.
514 847 570 927 qni
590 846 682 908 illum
700 848 816 909 ducem
839 849 978 910 maxime
1000 846 1156 933 sequitur:

109 938 242 1010 reiron
262 968 294 1010 r.
313 940 492 1035 βαρβάρων
516 942 597 1023 τινὲς
613 939 732 1036 γυμνοὶ
756 942 797 1012 rb
817 945 974 1037 παράπαν
996 946 1156 1027 βιοῦντες.

110 1046 265 1113 Ferarum
284 1063 390 1110 temen
411 1048 601 1130 pellibutse
622 1049 755 1112 vestiisse
775 1048 884 1113 scribit
898 1051 1031 1131 Curtiue
1045 1070 1080 1130 9,
1101 1072 1158 1125 to,
1235 1060 1238 1065 ’

114 1169 172 1213 ro.
200 1151 369 1235 grandium
383 1148 515 1232 piscium
530 1149 694 1213 Nearchus
707 1172 740 1234 p.-
750 1172 795 1214 m.
812 1172 866 1216 ao.
883 1148 1016 1236 (Huds.)
1044 1147 1160 1234 διφθέ-

110 1272 166 1339 ρας
191 1242 322 1343 ἰχθύασ
343 1243 505 1340 μεγίστων
526 1253 606 1316 dicit
625 1250 836 1317 Philostratua
855 1256 891 1316 in
911 1257 978 1316 vita
993 1255 1159 1337 Apollonii

111 1360 158 1433 5,
172 1364 233 1431 55.
272 1355 422 1417 Ferarum
445 1349 542 1441 δσρσῖς
564 1358 915 1417 commemoratorium
937 1357 1076 1420 Diodor.
1098 1370 1158 1436 17,

115 1467 199 1533 ¹⁰5·
237 1456 287 1519 Ita
305 1476 383 1519 vero
403 1455 544 1519 noiirum
564 1456 770 1529 intellexisse,
795 1454 936 1520 subiecta
951 1457 1081 1522 docent.

103 1688 115 1703 ··
186 1677 235 1721 ac
259 1650 416 1748 fruge)
473 1657 641 1720 Deter'nm
665 1671 700 1721 et
725 1659 841 1722 vatiam
870 1661 1038 1744 regionem
1063 1674 1160 1725 vocat

104 1759 247 1825 Curtius
259 1780 295 1840 9,
317 1782 370 1832 ro,
391 1771 424 1835 8.
450 1773 544 1840 atque
565 1760 625 1821 hac
640 1760 680 1821 de
702 1760 791 1822 causa
808 1760 999 1825 Macedonaa
1016 1782 1089 1825 eam
1109 1764 1160 1824 in·
1219 1804 1221 1809 .

110 1861 245 1947 gnesna,
272 1864 311 1924 ad
327 1850 444 1925 samem
460 1862 604 1923 redactos
617 1859 696 1932 effe,
720 1859 837 1925 scribit.
873 1860 1045 1925 Consentit
1061 1863 1159 1925 Near-

107 1965 191 2029 chua
211 1984 283 2048 pag.
306 1979 361 2045 13.
385 1961 528 2041 (Huds.)
552 1955 641 2034 σῖτός
657 1983 695 2025 σε
716 1952 839 2027 αὐτόθι
862 1952 923 2027 esur
937 1960 1020 2050 ἐνῆν.
1063 1965 1160 2027 Idem
1221 2040 1224 2045 Ι

104 2086 145 2152 p.
165 2080 225 2147 18.
249 2060 356 2150 ὀλίγοι
380 2060 562 2152 σπείρουσι,
588 2054 645 2123 ubi
660 2077 693 2125 et
709 2062 876 2148 regionem
892 2079 987 2127 vocat
1005 2057 1159 2153 ἄδενδρόν

104 2184 150 2253 ’σε
165 2159 224 2231 καὶ
243 2158 374 2256 ἔφορον
397 2164 529 2255 καρπῶν
550 2160 683 2252 ἡμέρων.
726 2166 796 2227 Nec
809 2184 942 2252 gramen
957 2167 1074 2230 habere
1087 2167 1160 2229 leb·

109 2270 377 2355 thyopbagorum
399 2282 516 2330 terram
532 2266 677 2330 adfirmat
695 2287 727 2349 p.
749 2283 804 2331 aa.
858 2269 1005 2331 Farinam
1017 2267 1161 2351 expisci·
1211 2288 1214 2293 ·

111 2372 176 2434 buc
191 2371 281 2435 tostis
296 2373 463 2441 molitam,
489 2364 644 2432 frumenti
659 2386 771 2450 parum
785 2368 927 2433 habuitre
941 2370 1030 2432 idem
1045 2390 1077 2452 p.
1100 2366 1157 2434 16.

111 2473 291 2539 Pacoribua
306 2474 386 2535 adeo
401 2473 516 2555 pabuli
529 2472 601 2534 loco
616 2468 749 2531 farinam
765 2491 804 2533 ex
818 2470 905 2533 tostis
919 2469 1056 2553 piscibua
1072 2492 1161 2556 prae-

111 2575 170 2638 bet
194 2574 331 2638 Nearch.
351 2596 384 2656 p.
407 2595 451 2636 m.
475 2589 529 2638 ια.
558 2583 614 2650 ι8.
637 2591 781 2655 proquo
805 2572 1013 2637 Philostratua
1035 2575 1070 2635 in
1092 2576 1161 2636 vita

112 2677 280 2761 apollonii
295 2691 328 2758 5,
347 2686 405 2754 55.
430 2673 569 2760 piscibus
583 2693 698 2758 pecora
718 2674 778 2746 ali,
804 2687 841 2734 ut
860 2674 985 2739 ficubus
1001 2676 1038 2737 in
1054 2674 1159 2748 Caria,

112 2793 231 2842 narrat.
285 2777 337 2842 Cs.
359 2779 455 2841 etiam
470 2778 590 2840 Auliou.
612 2777 647 2838 in
670 2776 797 2839 tarn.
818 2787 874 2854 15,
896 2786 956 2854 25.
1008 2778 1101 2840 Idem
1123 2778 1160 2840 in

58 2887 62 2893 '
115 2882 372 2944 Thraciae'loco
403 2881 490 2952 fieri,
526 2884 641 2941 narrat‘
659 2876 842 2941 Athenaeus
869 2891 903 2956 8,
933 2894 968 2954 7.
1008 2891 1043 2940 et
1069 2879 1160 2962 ‘apud

115 2982 224 3049 Celtae
240 2984 362 3047 aelian.
379 3002 406 3044 c.
422 2983 444 3045 l.
497 2983 536 3043 ln
552 2981 630 3043 lucie
652 2979 780 3042 desertis
801 2980 969 3065 regionem
987 2998 1049 3041 nec
1069 2980 1161 3041 arbo·

115 3105 210 3157 rum,
246 3105 306 3147 nec
337 3082 501 3147 fructuum
525 3081 669 3144 feracem
700 3079 780 3152 effe,
821 3082 965 3143 adfirmat
992 3079 1161 3144 Nearchue
1265 3097 1267 3101 ’

116 3207 190 3273 pag
212 3200 269 3265 18.
317 3185 487 3249 Consumit
506 3206 583 3247 cum
597 3182 756 3257 Nearcho,
781 3181 942 3254 duresco,
966 3182 1080 3247 Strabo
1101 3195 1157 3259 15.
1192 3188 1210 3221 s

115 3308 150 3373 p.
167 3301 257 3370 495.
274 3287 295 3350 s.
318 3305 402 3364 720.
455 3289 508 3348 Src
523 3285 722 3356 Gedrosiam
747 3282 879 3366 subque
898 3284 1083 3365 ponendam
1098 3283 1159 3346 esse

116 3391 202 3453 banc
215 3390 400 3454 Carmaniae
414 3404 535 3472 partem
550 3391 585 3450 irr
599 3387 685 3449 Mela
700 3385 789 3470 supra
805 3386 928 3456 monui,
951 3383 1058 3447 versut
1073 3404 1161 3446 mare
1264 3454 1267 3461 ¹

117 3491 275 3571 desertam
301 3494 378 3552 dicit
400 3493 522 3555 Arriae.
550 3492 589 3554 de
617 3488 732 3572 exped.
757 3488 846 3551 Alex.
868 3489 901 3558 6,
926 3499 986 3565 23.
1038 3485 1160 3550 Contra

118 3595 322 3659 Carmaniam
338 3594 469 3675 antiquo
486 3589 572 3654 sensu
588 3589 776 3654 fertiliorem
791 3588 850 3652 esse
871 3588 1040 3673 praedicat,
1063 3609 1160 3671 quam

118 3697 438 3779 ichthyophagorum
454 3709 487 3756 et
500 3695 662 3757 Oritarum
675 3693 861 3778 regionem,
883 3687 999 3753 diserte
1014 3693 1159 3754 adfirmat

102 3799 339 3882 ⁴Nearchnep.
358 3814 415 3861 aa.
439 3793 557 3876 (Huds.
566 3799 581 3876 )
1015 3816 1017 3820 ⁸

187 3993 286 4101 sin-e
315 4000 484 4084 pecore)
531 4000 602 4091 tilia
626 3999 734 4071 omnia
756 4016 797 4063 ex
818 3995 965 4064 Nearcho
986 3994 1160 4069 discuntur,

119 4107 175 4172 eth
192 4124 308 4192 peoora
324 4104 477 4191 piscibus,
504 4104 558 4169 vel
572 4101 653 4167 sacta
665 4122 708 4167 ex
728 4098 866 4187 piscibus
881 4097 981 4164 irrina
994 4098 1037 4162 'aii
1052 4097 1160 4171 refert,
