2558 4606
184 350 236 409 ru
263 348 401 407 rome.
432 348 539 405 Met.
581 348 617 406 L.
638 351 689 406 111.
731 350 837 410 cvr.
879 349 957 421 Μ.
1029 363 1090 431 209

41 526 100 589 Sil.
129 524 202 587 ital.
230 538 284 599 17,
310 532 396 603 [με.
424 520 721 593 Drakenborchiut.
764 522 855 585 Adde
881 520 1024 589 Voffium
1050 529 1086 591 in

40 627 190 707 Etymol.
207 626 277 689 Lat.
293 625 325 686 b.
344 645 377 689 v.
431 626 539 688 Hodie
555 645 676 687 nomen
697 628 859 695 remansit,
885 627 940 688 etsi
957 649 1006 690 res
1022 630 1086 713 ipsa
1200 638 1203 643 '

40 730 156 811 periit,
180 729 214 788 in
229 746 311 789 voce
325 728 456 811 Anglicu
473 729 624 798 Kowain,
652 729 699 788 uti
720 739 810 787 notat
826 727 1032 792 Cambdenus
1048 734 1085 794 in
1114 766 1118 773 ·

39 831 207 895 Britannia
228 848 299 913 pag.
318 839 351 906 8.
380 829 498 907 (smil.
520 830 648 909 1646.)
700 828 784 889 Dicti
799 831 874 890 inde
891 830 962 894 sunt
977 834 1085 895 covin-

41 935 128 994 narir'
149 932 236 1015 epurl
254 932 357 995 Tacit.
375 932 409 991 in
426 932 530 1015 Agric.
549 950 615 1012 cap.
636 944 693 1010 55.
746 929 887 993 Currum
904 954 980 995 vern
997 935 1084 997 belli·

41 1053 118 1098 cum
131 1036 358 1115 interpretatur
367 1034 585 1111 Hieronymus
600 1034 632 1093 in
650 1032 707 1095 les.
724 1053 791 1115 cap.
807 1033 864 1096 ult.
887 1036 943 1095 etfi
959 1038 991 1096 in
1008 1058 1083 1119 pecs

40 1138 140 1199 etium
164 1154 279 1197 eorum
300 1132 392 1195 usum
414 1136 510 1196 docet
533 1134 712 1196 Schefferus
732 1136 772 1196 de
794 1154 829 1196 re
845 1136 950 1198 vehic.
973 1156 1005 1207 e,
1025 1156 1083 1204 αα.

41 1230 220 1301 lornendes
236 1256 263 1299 c.
278 1236 299 1298 l.
326 1237 382 1296 ubi
399 1236 519 1297 Melam
534 1238 649 1306 reddit,
666 1256 725 1319 pro
739 1239 888 1299 covinnis
904 1242 998 1321 ponit
1013 1234 1086 1330 ff·

40 1339 120 1410 das,
146 1352 185 1400 ut
205 1338 339 1423 perinde
359 1336 500 1399 habuisse
516 1339 672 1401 videatur.
723 1338 794 1399 Nec
810 1341 916 1402 minus
932 1336 1001 1413 alli,
1028 1344 1084 1404 etsi

42 1438 184 1503 seorsum
213 1440 310 1523 punit
329 1452 502 1521 utrumque
524 1453 557 1502 et
582 1440 749 1523 distinguit
771 1440 923 1504 Martialis
945 1460 1000 1516 12,
1024 1456 1084 1526 24¹.

43 1544 77 1605 Si
101 1557 226 1627 praeter
252 1560 373 1603 nomen
400 1543 433 1600 in
456 1540 520 1623 ipsa
543 1560 577 1602 re
599 1540 661 1603 fult
682 1542 870 1613 discrimen,
905 1544 977 1607 leve
999 1561 1085 1609 certe

33 1644 132 1709 -suilse
156 1645 298 1723 videtur.
353 1643 439 1703 Hinc
462 1642 620 1704 Britanna
644 1656 739 1705 vocet
760 1644 907 1724 Propert.
926 1658 1005 1718 e,'1,
1024 1646 1083 1724 86.

41 1747 176 1829 Belgica
201 1738 311 1831 virgil.
340 1742 459 1827 Georg.
484 1755 625 1823 &2⁰4-
685 1744 829 1805 Fuerunt
854 1746 955 1816 levia,
992 1763 1028 1808 ut
1052 1766 1086 1811 et

41 1850 168 1933 puellae
197 1848 432 1931 surigerentur,
470 1859 505 1906 et
526 1846 564 1907 sd
593 1847 703 1906 luxum
730 1861 1010 1920 converterentur,
1045 1852 1085 1913 de

41 1970 108 2033 quo
129 1950 277 2035 Propert.
292 1968 320 2009 c.
337 1948 358 2008 l.
410 1948 451 2008 At
470 1949 556 2028 quod
581 1945 797 2031 promiscuum
817 1947 909 2007 usurn
933 1952 1084 2023 inbellis,

41 2068 77 2114 ut
95 2050 262 2122 fabricam,
285 2051 422 2125 indicet,
452 2046 563 2112 Caesar
579 2068 733 2128 nusquam
751 2050 1007 2124 convinnorurn,
1032 2050 1085 2116 sed

41 2168 169 2217 tentum
185 2151 364 2215 eliodorum
381 2150 421 2212 de
434 2153 596 2214 Britannis
612 2152 771 2222 meminit,
797 2150 953 2232 usumque
972 2174 1084 2217 eurum

30 2259 75 2319 ·irr
96 2274 207 2342 pugne
229 2253 377 2316 describit
397 2253 436 2314 de
460 2252 497 2315 B.
514 2252 553 2315 G.
571 2263 604 2337 4.
622 2268 666 2333 52
683 2250 724 2334 sq.
778 2252 864 2314 Hinc
879 2266 913 2333 4.
930 2266 988 2335 24.
1011 2256 1084 2317 elle·

44 2359 141 2431 darii,
173 2357 232 2439 qui
255 2354 344 2437 supra
364 2354 541 2416 covinnarii
562 2370 594 2417 et
616 2356 717 2417 Dioni
738 2348 1085 2443 39,51.029par·.7ta'·

44 2482 117 2532 rar,
144 2460 195 2521 uti
218 2458 356 2519 omnino
374 2447 510 2543 ἅρματα
530 2470 563 2519 et
583 2475 692 2520 currus
708 2456 748 2517 de
769 2456 808 2518 iis
830 2475 1084 2522 commemoran-

44 2574 107 2627 tur.
143 2560 199 2625 sie
213 2552 349 2647 ἅρματα
365 2558 502 2619 Diodor.
519 2570 553 2635 5,
571 2574 629 2623 αι.
655 2556 712 2619 ubi
727 2576 796 2619 eam
813 2560 979 2643 pugnandi
992 2561 1086 2624 ratio·

39 2672 120 2727 bem
152 2682 230 2725 eum
256 2660 374 2723 Graeca
407 2658 544 2721 heroum
573 2659 716 2721 inbelle
744 2660 885 2721 Troiano
912 2676 1083 2744 comparat.

46 2764 161 2827 Strabo
177 2772 214 2842 4.
230 2782 263 2843 p.
285 2774 366 2841 138.
383 2757 404 2824 s.
422 2778 507 2826 200.
530 2774 628 2823 vocat
647 2758 810 2847 άπηνεὶας,
834 2762 895 2830 vel,
918 2764 1028 2826 uticii
1048 2765 1084 2827 in

45 2864 147 2937 libris,
175 2860 312 2951 ἀπήνας.
364 2863 427 2925 Sed
450 2863 537 2944 plura
566 2863 606 2924 de
632 2864 671 2926 iis
697 2862 820 2923 dabunt
848 2863 989 2924 Scheller
1011 2886 1038 2930 c.
1059 2866 1081 2933 l.

45 2988 109 3050 cup.
127 2982 189 3044 25.
214 2979 247 3028 et
261 2984 341 3047 quos
355 2977 513 3026 memorat
529 2964 689 3027 Fabricius
703 2964 741 3024 ad
758 2966 858 3026 Dion.
875 2984 901 3024 c.
919 2963 940 3026 l.
975 2966 1084 3030 Hone-

45 3070 117 3133 llior
131 3066 194 3131 suit
215 3081 322 3129 eutem
339 3067 462 3151 surige,
488 3080 521 3128 et
535 3066 665 3127 clientes
686 3064 939 3149 propugnabant.
960 3064 1083 3145 (Tecit.

46 3172 78 3233 ln
93 3172 200 3257 Agris.
217 3188 285 3252 etp.
305 3184 361 3231 te.
378 3168 444 3245 in.)
487 3168 527 3228 At
544 3180 666 3251 praeter
681 3166 877 3229 Schefferum
898 3168 1026 3248 poliunt
1043 3173 1083 3233 de

47 3274 195 3337 toriunit
216 3268 338 3332 consuli
356 3268 474 3331 Severo
496 3272 533 3331 ad
551 3270 664 3333 Sidon.
681 3270 853 3351 Apollinar.
871 3289 898 3333 c.
916 3269 936 3332 l.
962 3265 1084 3332 thesau-

47 3392 96 3437 rus
118 3372 329 3439 Motellimus
350 3392 422 3455 pag.
438 3382 522 3447 572.
560 3372 714 3434 Graevius
732 3372 766 3432 in
789 3371 906 3455 sylloge
928 3370 1082 3455 epistolii.

47 3476 179 3554 (burm.
196 3468 296 3553 edit.)
318 3474 358 3534 ed
380 3472 546 3535 Heinfium
563 3471 661 3536 Tum.
678 3482 713 3553 4.
738 3469 825 3554 epist.
844 3482 926 3551 558.
947 3493 979 3554 p.
995 3485 1082 3568 4352.

47 3578 228 3641 Secundum
256 3574 440 3639 thesaurum
465 3575 692 3638 Motelliantrm
721 3574 783 3637 tab.
806 3586 859 3650 ιδ.
881 3594 914 3635 n.
931 3584 990 3657 24.
1015 3578 1084 3643 eius

48 3676 147 3743 formu
167 3666 312 3743 exhibitu
331 3690 465 3761 putetur
485 3679 520 3737 in
536 3697 639 3739 numo
655 3675 797 3750 similite
808 3676 917 3737 Iuliae.

109 3872 242 3973 falco
251 3880 307 3941 tis
313 3878 333 3961 )
367 3874 498 3943 salcetis
506 3878 659 3950 curribus,
675 3897 754 3961 quot
766 3876 877 3940 Graeci
889 3889 1004 3938 vocant
1020 3873 1085 3966 δρε·

53 3972 404 4071 πανηφόραᾶρματα.
428 3983 619 4044 recentlores
642 4000 721 4044 voce
741 3980 864 4040 hibrirla
880 3978 1081 4059 currodrepa·

53 4102 113 4159 tes,
125 4085 235 4169 plures
248 4082 328 4145 clim
342 4082 389 4142 usi
398 4078 484 4153 sunt,
501 4084 550 4143 uti
564 4082 679 4155 Ninus,
694 4083 843 4161 (Diodor.
856 4096 888 4150 tt,
897 4083 948 4158 5.)
966 4080 1082 4159 Cyrus,

94 4201 190 4278 Pomp.
205 4196 298 4255 Metu
319 4198 435 4272 Exegtt.
453 4197 491 4254 L.
504 4198 556 4252 ΙΙΙ.
796 4182 825 4245 0
952 4269 963 4278 .
