<?xml version="1.0" encoding="UTF-8"?>
<!DOCTYPE html PUBLIC "-//W3C//DTD XHTML 1.0 Transitional//EN"
    "http://www.w3.org/TR/xhtml1/DTD/xhtml1-transitional.dtd">
<html xmlns="http://www.w3.org/1999/xhtml" xml:lang="en" lang="en">
 <head>
  <title>
</title>
<meta http-equiv="Content-Type" content="text/html;charset=utf-8" />
  <meta name='ocr-system' content='tesseract 3.04.00' />
  <meta name='ocr-capabilities' content='ocr_page ocr_carea ocr_par ocr_line ocrx_word'/>
</head>
<body>
  <div class='ocr_page' id='page_1' title='image "./desitvorbislibr01melagoog_0107.png"; bbox 0 0 2558 4606; ppageno 0'>
   <div class='ocr_carea' id='block_1_1' title="bbox 174 365 952 467">
    <p class='ocr_par' dir='ltr' id='par_1_1' title="bbox 174 365 952 467">
     <span class='ocr_line' id='line_1_1' title="bbox 174 365 952 467; baseline -0.01 -18"><span class='ocrx_word' id='word_1_1' title='bbox 174 381 234 449; x_wconf 73' lang='lat' dir='ltr'>aei</span> <span class='ocrx_word' id='word_1_2' title='bbox 441 381 604 457; x_wconf 74' lang='lat' dir='ltr'>uorat</span> <span class='ocrx_word' id='word_1_3' title='bbox 632 365 952 467; x_wconf 34' lang='lat' dir='ltr'>,execraretur</span> 
     </span>
    </p>
   </div>
   <div class='ocr_carea' id='block_1_2' title="bbox 133 551 1226 1164">
    <p class='ocr_par' dir='ltr' id='par_1_2' title="bbox 133 551 1226 1164">
     <span class='ocr_line' id='line_1_2' title="bbox 175 551 1220 651; baseline -0.01 -23"><span class='ocrx_word' id='word_1_4' title='bbox 175 583 210 651; x_wconf 74' lang='lat' dir='ltr'>p.</span> <span class='ocrx_word' id='word_1_5' title='bbox 228 571 314 644; x_wconf 58' lang='lat' dir='ltr'>litto.</span> <span class='ocrx_word' id='word_1_6' title='bbox 342 561 633 649; x_wconf 70' lang='lat' dir='ltr'>Schweighaeuser.</span> <span class='ocrx_word' id='word_1_7' title='bbox 658 562 696 626; x_wconf 88' lang='lat' dir='ltr'>ad</span> <span class='ocrx_word' id='word_1_8' title='bbox 719 551 855 646; x_wconf 70' lang='lat' dir='ltr'>Appiae.</span> <span class='ocrx_word' id='word_1_9' title='bbox 871 560 940 624; x_wconf 87' lang='lat' dir='ltr'>vot.</span> <span class='ocrx_word' id='word_1_10' title='bbox 960 572 992 640; x_wconf 78' lang='lat'>3.</span> <span class='ocrx_word' id='word_1_11' title='bbox 1014 575 1047 639; x_wconf 80' lang='lat' dir='ltr'>p.</span> <span class='ocrx_word' id='word_1_12' title='bbox 1069 570 1152 633; x_wconf 81' lang='lat'><strong>171.</strong></span> <span class='ocrx_word' id='word_1_13' title='bbox 1174 565 1220 629; x_wconf 82' lang='lat' dir='ltr'>et,</span> 
     </span>
     <span class='ocr_line' id='line_1_3' title="bbox 178 658 1221 750; baseline -0.003 -26"><span class='ocrx_word' id='word_1_14' title='bbox 178 665 236 749; x_wconf 87' lang='lat' dir='ltr'>qui</span> <span class='ocrx_word' id='word_1_15' title='bbox 259 665 293 725; x_wconf 89' lang='lat' dir='ltr'>id</span> <span class='ocrx_word' id='word_1_16' title='bbox 317 667 432 748; x_wconf 85' lang='lat' dir='ltr'>cupide</span> <span class='ocrx_word' id='word_1_17' title='bbox 453 666 585 750; x_wconf 81' lang='lat' dir='ltr'><strong>adripit,</strong></span> <span class='ocrx_word' id='word_1_18' title='bbox 617 664 736 728; x_wconf 81' lang='lat' dir='ltr'>Martio</span> <span class='ocrx_word' id='word_1_19' title='bbox 760 665 794 725; x_wconf 90' lang='lat' dir='ltr'>in</span> <span class='ocrx_word' id='word_1_20' title='bbox 816 663 886 726; x_wconf 84' lang='lat' dir='ltr'>hisi.</span> <span class='ocrx_word' id='word_1_21' title='bbox 912 663 968 725; x_wconf 87' lang='lat' dir='ltr'>dee</span> <span class='ocrx_word' id='word_1_22' title='bbox 989 659 1105 722; x_wconf 85' lang='lat' dir='ltr'>Gaulee</span> <span class='ocrx_word' id='word_1_23' title='bbox 1128 658 1168 721; x_wconf 88' lang='lat' dir='ltr'>T.</span> <span class='ocrx_word' id='word_1_24' title='bbox 1188 677 1221 722; x_wconf 82' lang='lat' dir='ltr'>t.</span> 
     </span>
     <span class='ocr_line' id='line_1_4' title="bbox 179 756 1221 853; baseline -0.01 -25"><span class='ocrx_word' id='word_1_25' title='bbox 179 786 213 853; x_wconf 84' lang='lat' dir='ltr'>p.</span> <span class='ocrx_word' id='word_1_26' title='bbox 234 776 313 845; x_wconf 75' lang='lat'><strong>¹⁰4·</strong></span> <span class='ocrx_word' id='word_1_27' title='bbox 343 767 436 828; x_wconf 83' lang='lat' dir='ltr'>Hinc</span> <span class='ocrx_word' id='word_1_28' title='bbox 454 768 550 827; x_wconf 87' lang='lat' dir='ltr'>etiam</span> <span class='ocrx_word' id='word_1_29' title='bbox 572 769 655 850; x_wconf 90' lang='lat' dir='ltr'>apud</span> <span class='ocrx_word' id='word_1_30' title='bbox 672 768 864 831; x_wconf 84' lang='lat' dir='ltr'>Ciceronem</span> <span class='ocrx_word' id='word_1_31' title='bbox 881 765 921 830; x_wconf 87' lang='lat' dir='ltr'>de</span> <span class='ocrx_word' id='word_1_32' title='bbox 937 762 1083 847; x_wconf 70' lang='lat' dir='ltr'>prodibo.</span> <span class='ocrx_word' id='word_1_33' title='bbox 1099 756 1221 837; x_wconf 73' lang='lat' dir='ltr'>consul.</span> 
     </span>
     <span class='ocr_line' id='line_1_5' title="bbox 133 858 1224 952; baseline -0.007 -22"><span class='ocrx_word' id='word_1_34' title='bbox 133 930 136 936; x_wconf 72' lang='grc'><strong><em>,</em></strong></span> <span class='ocrx_word' id='word_1_35' title='bbox 180 887 248 950; x_wconf 86' lang='lat' dir='ltr'>cap.</span> <span class='ocrx_word' id='word_1_36' title='bbox 268 880 301 946; x_wconf 76' lang='lat'>8.</span> <span class='ocrx_word' id='word_1_37' title='bbox 325 867 434 930; x_wconf 80' lang='lat' dir='ltr'>helsum</span> <span class='ocrx_word' id='word_1_38' title='bbox 452 868 608 932; x_wconf 78' lang='lat' dir='ltr'>Gallicum</span> <span class='ocrx_word' id='word_1_39' title='bbox 632 869 770 931; x_wconf 87' lang='lat' dir='ltr'>aMario</span> <span class='ocrx_word' id='word_1_40' title='bbox 793 866 915 952; x_wconf 83' lang='lat' dir='ltr'>gestum</span> <span class='ocrx_word' id='word_1_41' title='bbox 932 862 1066 935; x_wconf 88' lang='lat' dir='ltr'>dicitur,</span> <span class='ocrx_word' id='word_1_42' title='bbox 1092 863 1139 924; x_wconf 92' lang='lat' dir='ltr'>uti</span> <span class='ocrx_word' id='word_1_43' title='bbox 1155 858 1224 942; x_wconf 80' lang='lat' dir='ltr'>post</span> 
     </span>
     <span class='ocr_line' id='line_1_6' title="bbox 182 961 1224 1057; baseline -0.009 -24"><span class='ocrx_word' id='word_1_44' title='bbox 182 984 217 1033; x_wconf 86' lang='lat' dir='ltr'>et</span> <span class='ocrx_word' id='word_1_45' title='bbox 233 968 410 1057; x_wconf 68' lang='lat' dir='ltr'>Tusc.*er.</span> <span class='ocrx_word' id='word_1_46' title='bbox 432 982 463 1046; x_wconf 83' lang='lat'>5,</span> <span class='ocrx_word' id='word_1_47' title='bbox 484 988 539 1053; x_wconf 81' lang='lat' dir='ltr'>r9.</span> <span class='ocrx_word' id='word_1_48' title='bbox 561 972 698 1033; x_wconf 81' lang='lat' dir='ltr'>victoria</span> <span class='ocrx_word' id='word_1_49' title='bbox 716 966 885 1032; x_wconf 84' lang='lat' dir='ltr'>Cimbrica.</span> <span class='ocrx_word' id='word_1_50' title='bbox 922 967 1050 1051; x_wconf 79' lang='lat' dir='ltr'>Nempe</span> <span class='ocrx_word' id='word_1_51' title='bbox 1064 984 1105 1030; x_wconf 83' lang='lat' dir='ltr'>ort</span> <span class='ocrx_word' id='word_1_52' title='bbox 1121 961 1224 1025; x_wconf 77' lang='lat' dir='ltr'>Gallia</span> 
     </span>
     <span class='ocr_line' id='line_1_7' title="bbox 183 1054 1226 1164; baseline -0.007 -32"><span class='ocrx_word' id='word_1_53' title='bbox 183 1054 222 1132; x_wconf 80' lang='lat' dir='ltr'>in.</span> <span class='ocrx_word' id='word_1_54' title='bbox 237 1071 360 1132; x_wconf 80' lang='lat' dir='ltr'>italiam</span> <span class='ocrx_word' id='word_1_55' title='bbox 381 1072 582 1164; x_wconf 78' lang='lat' dir='ltr'>irruperunt,</span> <span class='ocrx_word' id='word_1_56' title='bbox 607 1085 639 1134; x_wconf 90' lang='lat' dir='ltr'>et</span> <span class='ocrx_word' id='word_1_57' title='bbox 656 1093 672 1134; x_wconf 95' lang='lat' dir='ltr'>a</span> <span class='ocrx_word' id='word_1_58' title='bbox 688 1070 793 1135; x_wconf 86' lang='lat' dir='ltr'>Mario</span> <span class='ocrx_word' id='word_1_59' title='bbox 813 1058 940 1153; x_wconf 78' lang='lat' dir='ltr'>repressi</span> <span class='ocrx_word' id='word_1_60' title='bbox 956 1066 1043 1139; x_wconf 89' lang='lat' dir='ltr'>suut,</span> <span class='ocrx_word' id='word_1_61' title='bbox 1069 1080 1106 1127; x_wconf 92' lang='lat' dir='ltr'>ut</span> <span class='ocrx_word' id='word_1_62' title='bbox 1127 1062 1226 1126; x_wconf 78' lang='lat' dir='ltr'>refert</span> 
     </span>
    </p>
   </div>
   <div class='ocr_carea' id='block_1_3' title="bbox 50 1163 1227 1263">
    <p class='ocr_par' dir='ltr' id='par_1_3' title="bbox 50 1163 1227 1263">
     <span class='ocr_line' id='line_1_8' title="bbox 50 1163 1227 1263; baseline -0.009 -24"><span class='ocrx_word' id='word_1_63' title='bbox 50 1209 57 1224; x_wconf 48' lang='lat' dir='ltr'>x</span> <span class='ocrx_word' id='word_1_64' title='bbox 185 1168 299 1257; x_wconf 84' lang='lat' dir='ltr'>Cicero</span> <span class='ocrx_word' id='word_1_65' title='bbox 316 1172 355 1263; x_wconf 89' lang='lat' dir='ltr'>de</span> <span class='ocrx_word' id='word_1_66' title='bbox 372 1172 518 1256; x_wconf 75' lang='lat' dir='ltr'>proiioc.</span> <span class='ocrx_word' id='word_1_67' title='bbox 530 1168 623 1235; x_wconf 82' lang='lat' dir='ltr'>cons.</span> <span class='ocrx_word' id='word_1_68' title='bbox 645 1194 711 1257; x_wconf 88' lang='lat' dir='ltr'>cap.</span> <span class='ocrx_word' id='word_1_69' title='bbox 735 1187 807 1253; x_wconf 75' lang='lat'>13.</span> <span class='ocrx_word' id='word_1_70' title='bbox 842 1170 940 1235; x_wconf 80' lang='lat' dir='ltr'>Causa</span> <span class='ocrx_word' id='word_1_71' title='bbox 956 1172 1034 1234; x_wconf 88' lang='lat' dir='ltr'>haec</span> <span class='ocrx_word' id='word_1_72' title='bbox 1046 1169 1109 1239; x_wconf 82' lang='lat' dir='ltr'>esi,</span> <span class='ocrx_word' id='word_1_73' title='bbox 1137 1163 1227 1249; x_wconf 77' lang='lat' dir='ltr'>quod</span> 
     </span>
    </p>
   </div>
   <div class='ocr_carea' id='block_1_4' title="bbox 129 1262 1252 3787">
    <p class='ocr_par' dir='ltr' id='par_1_4' title="bbox 129 1262 1252 3787">
     <span class='ocr_line' id='line_1_9' title="bbox 185 1262 1227 1367; baseline -0.007 -32"><span class='ocrx_word' id='word_1_74' title='bbox 185 1262 276 1361; x_wconf 72' lang='lat' dir='ltr'>eraut</span> <span class='ocrx_word' id='word_1_75' title='bbox 293 1274 384 1367; x_wconf 68' lang='lat' dir='ltr'>¹Calli</span> <span class='ocrx_word' id='word_1_76' title='bbox 411 1273 433 1340; x_wconf 87' lang='lat' dir='ltr'>s.</span> <span class='ocrx_word' id='word_1_77' title='bbox 460 1275 568 1343; x_wconf 86' lang='lat' dir='ltr'>Celtae</span> <span class='ocrx_word' id='word_1_78' title='bbox 599 1275 780 1339; x_wconf 81' lang='lat' dir='ltr'>Cimbricae</span> <span class='ocrx_word' id='word_1_79' title='bbox 812 1275 955 1358; x_wconf 73' lang='lat' dir='ltr'>originis.</span> <span class='ocrx_word' id='word_1_80' title='bbox 1025 1268 1148 1334; x_wconf 81' lang='lat' dir='ltr'>Priscae</span> <span class='ocrx_word' id='word_1_81' title='bbox 1170 1285 1227 1331; x_wconf 84' lang='lat' dir='ltr'>eo·</span> 
     </span>
     <span class='ocr_line' id='line_1_10' title="bbox 186 1367 1228 1459; baseline -0.005 -24"><span class='ocrx_word' id='word_1_82' title='bbox 186 1394 259 1436; x_wconf 90' lang='lat' dir='ltr'>rum</span> <span class='ocrx_word' id='word_1_83' title='bbox 284 1372 388 1447; x_wconf 81' lang='lat' dir='ltr'>sedec,</span> <span class='ocrx_word' id='word_1_84' title='bbox 416 1377 571 1444; x_wconf 82' lang='lat' dir='ltr'>Strabone</span> <span class='ocrx_word' id='word_1_85' title='bbox 592 1377 670 1445; x_wconf 57' lang='lat' dir='ltr'>teiie,</span> <span class='ocrx_word' id='word_1_86' title='bbox 683 1378 831 1459; x_wconf 72' lang='lat' dir='ltr'>aliisque,</span> <span class='ocrx_word' id='word_1_87' title='bbox 864 1374 1011 1449; x_wconf 84' lang='lat' dir='ltr'>suerunt,</span> <span class='ocrx_word' id='word_1_88' title='bbox 1039 1371 1097 1435; x_wconf 91' lang='lat' dir='ltr'>ubi</span> <span class='ocrx_word' id='word_1_89' title='bbox 1114 1367 1228 1432; x_wconf 82' lang='lat' dir='ltr'>Noster</span> 
     </span>
     <span class='ocr_line' id='line_1_11' title="bbox 186 1451 1228 1569; baseline -0.002 -32"><span class='ocrx_word' id='word_1_90' title='bbox 186 1476 317 1548; x_wconf 85' lang='lat' dir='ltr'>indicat,</span> <span class='ocrx_word' id='word_1_91' title='bbox 333 1479 386 1540; x_wconf 88' lang='lat' dir='ltr'>ille</span> <span class='ocrx_word' id='word_1_92' title='bbox 402 1482 510 1569; x_wconf 79' lang='lat' dir='ltr'>etiam,</span> <span class='ocrx_word' id='word_1_93' title='bbox 523 1479 652 1564; x_wconf 80' lang='lat' dir='ltr'>Augusti</span> <span class='ocrx_word' id='word_1_94' title='bbox 665 1493 765 1541; x_wconf 87' lang='lat' dir='ltr'>aetate</span> <span class='ocrx_word' id='word_1_95' title='bbox 773 1475 872 1550; x_wconf 84' lang='lat' dir='ltr'>fuisse,</span> <span class='ocrx_word' id='word_1_96' title='bbox 889 1491 976 1542; x_wconf 87' lang='lat' dir='ltr'>certo</span> <span class='ocrx_word' id='word_1_97' title='bbox 992 1451 1228 1538; x_wconf 75' lang='lat' dir='ltr'>indietodoces.</span> 
     </span>
     <span class='ocr_line' id='line_1_12' title="bbox 188 1571 1231 1669; baseline 0.002 -31"><span class='ocrx_word' id='word_1_98' title='bbox 188 1575 303 1640; x_wconf 82' lang='lat' dir='ltr'>Nostro</span> <span class='ocrx_word' id='word_1_99' title='bbox 321 1578 364 1641; x_wconf 85' lang='lat' dir='ltr'>est</span> <span class='ocrx_word' id='word_1_100' title='bbox 379 1572 586 1669; x_wconf 80' lang='lat' dir='ltr'>supereiiirrm</span> <span class='ocrx_word' id='word_1_101' title='bbox 602 1580 693 1644; x_wconf 74' lang='lat' dir='ltr'>‘unua</span> <span class='ocrx_word' id='word_1_102' title='bbox 709 1580 852 1652; x_wconf 81' lang='lat' dir='ltr'>Codani,</span> <span class='ocrx_word' id='word_1_103' title='bbox 878 1581 985 1644; x_wconf 82' lang='lat' dir='ltr'>Plinio</span> <span class='ocrx_word' id='word_1_104' title='bbox 1000 1587 1034 1662; x_wconf 72' lang='lat'>4,</span> <span class='ocrx_word' id='word_1_105' title='bbox 1054 1593 1111 1653; x_wconf 81' lang='lat'>27.</span> <span class='ocrx_word' id='word_1_106' title='bbox 1131 1571 1152 1638; x_wconf 81' lang='lat' dir='ltr'>s.</span> <span class='ocrx_word' id='word_1_107' title='bbox 1173 1582 1231 1655; x_wconf 69' lang='lat'>¹5·</span> 
     </span>
     <span class='ocr_line' id='line_1_13' title="bbox 148 1678 1232 1769; baseline -0.005 -30"><span class='ocrx_word' id='word_1_108' title='bbox 148 1764 151 1769; x_wconf 66' lang='lat'>‚</span> <span class='ocrx_word' id='word_1_109' title='bbox 188 1678 232 1739; x_wconf 84' lang='lat' dir='ltr'>est</span> <span class='ocrx_word' id='word_1_110' title='bbox 253 1682 503 1756; x_wconf 78' lang='lat' dir='ltr'>promontorium</span> <span class='ocrx_word' id='word_1_111' title='bbox 529 1681 745 1755; x_wconf 83' lang='lat' dir='ltr'>Cimbrorum,</span> <span class='ocrx_word' id='word_1_112' title='bbox 777 1684 862 1764; x_wconf 91' lang='lat' dir='ltr'>quod</span> <span class='ocrx_word' id='word_1_113' title='bbox 887 1683 1041 1768; x_wconf 81' lang='lat' dir='ltr'>longeio</span> <span class='ocrx_word' id='word_1_114' title='bbox 1062 1678 1160 1741; x_wconf 82' lang='lat' dir='ltr'>marie</span> <span class='ocrx_word' id='word_1_115' title='bbox 1179 1691 1232 1736; x_wconf 83' lang='lat' dir='ltr'>ex·</span> 
     </span>
     <span class='ocr_line' id='line_1_14' title="bbox 189 1778 1232 1868; baseline 0.008 -28"><span class='ocrx_word' id='word_1_116' title='bbox 189 1799 318 1842; x_wconf 80' lang='lat' dir='ltr'>currens</span> <span class='ocrx_word' id='word_1_117' title='bbox 345 1803 444 1866; x_wconf 85' lang='lat' dir='ltr'>paene</span> <span class='ocrx_word' id='word_1_118' title='bbox 470 1781 605 1847; x_wconf 84' lang='lat' dir='ltr'>insulam</span> <span class='ocrx_word' id='word_1_119' title='bbox 631 1781 746 1856; x_wconf 82' lang='lat' dir='ltr'>efficit,</span> <span class='ocrx_word' id='word_1_120' title='bbox 780 1804 859 1868; x_wconf 88' lang='lat' dir='ltr'>quae</span> <span class='ocrx_word' id='word_1_121' title='bbox 885 1783 1015 1848; x_wconf 83' lang='lat' dir='ltr'>Cartrr&#39;s</span> <span class='ocrx_word' id='word_1_122' title='bbox 1038 1778 1232 1864; x_wconf 81' lang='lat' dir='ltr'>adpellaturi</span> 
     </span>
     <span class='ocr_line' id='line_1_15' title="bbox 189 1876 1233 1969; baseline -0.005 -25"><span class='ocrx_word' id='word_1_123' title='bbox 189 1878 222 1944; x_wconf 90' lang='lat' dir='ltr'>h.</span> <span class='ocrx_word' id='word_1_124' title='bbox 241 1881 341 1964; x_wconf 74' lang='lat' dir='ltr'>Sirage</span> <span class='ocrx_word' id='word_1_125' title='bbox 358 1905 374 1948; x_wconf 88' lang='lat' dir='ltr'>a</span> <span class='ocrx_word' id='word_1_126' title='bbox 393 1888 539 1969; x_wconf 88' lang='lat' dir='ltr'>proximo</span> <span class='ocrx_word' id='word_1_127' title='bbox 563 1903 656 1969; x_wconf 83' lang='lat' dir='ltr'>pago.</span> <span class='ocrx_word' id='word_1_128' title='bbox 709 1885 815 1949; x_wconf 88' lang='lat' dir='ltr'>Paene</span> <span class='ocrx_word' id='word_1_129' title='bbox 835 1884 937 1947; x_wconf 86' lang='lat' dir='ltr'>insula</span> <span class='ocrx_word' id='word_1_130' title='bbox 959 1897 1068 1945; x_wconf 81' lang='lat' dir='ltr'>autem</span> <span class='ocrx_word' id='word_1_131' title='bbox 1089 1883 1143 1943; x_wconf 88' lang='lat' dir='ltr'>ilia</span> <span class='ocrx_word' id='word_1_132' title='bbox 1168 1876 1233 1939; x_wconf 83' lang='lat' dir='ltr'>line</span> 
     </span>
     <span class='ocr_line' id='line_1_16' title="bbox 190 1975 1231 2080; baseline -0.003 -36"><span class='ocrx_word' id='word_1_133' title='bbox 190 1983 292 2046; x_wconf 85' lang='lat' dir='ltr'>dubio</span> <span class='ocrx_word' id='word_1_134' title='bbox 318 1985 361 2051; x_wconf 85' lang='lat' dir='ltr'>est</span> <span class='ocrx_word' id='word_1_135' title='bbox 384 1975 610 2080; x_wconf 71' lang='lat' dir='ltr'>Chersonesus,</span> <span class='ocrx_word' id='word_1_136' title='bbox 637 2004 731 2066; x_wconf 86' lang='lat' dir='ltr'>quam</span> <span class='ocrx_word' id='word_1_137' title='bbox 753 1984 870 2049; x_wconf 85' lang='lat' dir='ltr'>Strabo</span> <span class='ocrx_word' id='word_1_138' title='bbox 888 1999 922 2060; x_wconf 76' lang='grc'>7.</span> <span class='ocrx_word' id='word_1_139' title='bbox 945 2005 977 2069; x_wconf 88' lang='lat' dir='ltr'>p.</span> <span class='ocrx_word' id='word_1_140' title='bbox 995 2000 1080 2050; x_wconf 79' lang='lat' dir='ltr'>eoa.</span> <span class='ocrx_word' id='word_1_141' title='bbox 1103 1981 1125 2046; x_wconf 87' lang='lat' dir='ltr'>t.</span> <span class='ocrx_word' id='word_1_142' title='bbox 1145 1988 1231 2059; x_wconf 75' lang='lat'><strong>295.</strong></span> 
     </span>
     <span class='ocr_line' id='line_1_17' title="bbox 192 2084 1235 2170; baseline -0.002 -24"><span class='ocrx_word' id='word_1_143' title='bbox 192 2098 225 2146; x_wconf 88' lang='lat' dir='ltr'>et</span> <span class='ocrx_word' id='word_1_144' title='bbox 247 2098 371 2147; x_wconf 88' lang='lat' dir='ltr'>tantum</span> <span class='ocrx_word' id='word_1_145' title='bbox 394 2105 460 2149; x_wconf 88' lang='lat' dir='ltr'>nou</span> <span class='ocrx_word' id='word_1_146' title='bbox 484 2105 598 2149; x_wconf 75' lang='lat' dir='ltr'>omnen</span> <span class='ocrx_word' id='word_1_147' title='bbox 620 2088 673 2147; x_wconf 89' lang='lat' dir='ltr'>aiii</span> <span class='ocrx_word' id='word_1_148' title='bbox 696 2099 823 2150; x_wconf 86' lang='lat' dir='ltr'>vocant.</span> <span class='ocrx_word' id='word_1_149' title='bbox 863 2089 1022 2170; x_wconf 77' lang='lat' dir='ltr'>Spereme</span> <span class='ocrx_word' id='word_1_150' title='bbox 1041 2084 1131 2148; x_wconf 85' lang='lat' dir='ltr'>enim</span> <span class='ocrx_word' id='word_1_151' title='bbox 1148 2092 1183 2160; x_wconf 76' lang='lat'>5.</span> <span class='ocrx_word' id='word_1_152' title='bbox 1206 2099 1235 2144; x_wconf 87' lang='lat'>1.</span> 
     </span>
     <span class='ocr_line' id='line_1_18' title="bbox 129 2169 1236 2271; baseline -0.005 -23"><span class='ocrx_word' id='word_1_153' title='bbox 129 2219 131 2223; x_wconf 31' lang='grc' dir='ltr'><em>ν</em></span> <span class='ocrx_word' id='word_1_154' title='bbox 193 2205 225 2266; x_wconf 90' lang='lat' dir='ltr'>p.</span> <span class='ocrx_word' id='word_1_155' title='bbox 242 2197 275 2263; x_wconf 84' lang='lat'>5.</span> <span class='ocrx_word' id='word_1_156' title='bbox 295 2207 322 2247; x_wconf 85' lang='lat' dir='ltr'>e.</span> <span class='ocrx_word' id='word_1_157' title='bbox 344 2187 366 2247; x_wconf 92' lang='lat' dir='ltr'>l.</span> <span class='ocrx_word' id='word_1_158' title='bbox 391 2200 565 2250; x_wconf 83' lang='lat' dir='ltr'>extremam</span> <span class='ocrx_word' id='word_1_159' title='bbox 589 2201 714 2249; x_wconf 87' lang='lat' dir='ltr'>tautum</span> <span class='ocrx_word' id='word_1_160' title='bbox 737 2185 977 2271; x_wconf 83' lang='lat' dir='ltr'>paeneinsulae</span> <span class='ocrx_word' id='word_1_161' title='bbox 999 2169 1126 2271; x_wconf 75' lang='lat' dir='ltr'>pertem&#39;</span> <span class='ocrx_word' id='word_1_162' title='bbox 1144 2178 1236 2243; x_wconf 86' lang='lat' dir='ltr'>intel·</span> 
     </span>
     <span class='ocr_line' id='line_1_19' title="bbox 194 2285 1237 2372; baseline -0.003 -26"><span class='ocrx_word' id='word_1_163' title='bbox 194 2285 276 2369; x_wconf 83' lang='lat' dir='ltr'>iigit.</span> <span class='ocrx_word' id='word_1_164' title='bbox 317 2288 358 2352; x_wconf 81' lang='lat' dir='ltr'>Ar</span> <span class='ocrx_word' id='word_1_165' title='bbox 380 2289 639 2370; x_wconf 79' lang='lat' dir='ltr'>promontorium</span> <span class='ocrx_word' id='word_1_166' title='bbox 660 2288 738 2351; x_wconf 89' lang='lat' dir='ltr'>illud</span> <span class='ocrx_word' id='word_1_167' title='bbox 759 2309 859 2372; x_wconf 87' lang='lat' dir='ltr'>paene</span> <span class='ocrx_word' id='word_1_168' title='bbox 880 2288 1012 2351; x_wconf 86' lang='lat' dir='ltr'>insulam</span> <span class='ocrx_word' id='word_1_169' title='bbox 1035 2286 1126 2357; x_wconf 84' lang='lat' dir='ltr'>facit,</span> <span class='ocrx_word' id='word_1_170' title='bbox 1152 2301 1237 2348; x_wconf 88' lang='lat' dir='ltr'>eam·</span> 
     </span>
     <span class='ocr_line' id='line_1_20' title="bbox 194 2383 1252 2475; baseline -0.003 -28"><span class='ocrx_word' id='word_1_171' title='bbox 194 2407 256 2475; x_wconf 87' lang='lat' dir='ltr'>que</span> <span class='ocrx_word' id='word_1_172' title='bbox 278 2387 331 2450; x_wconf 87' lang='lat' dir='ltr'>hic</span> <span class='ocrx_word' id='word_1_173' title='bbox 353 2390 432 2452; x_wconf 86' lang='lat' dir='ltr'>finit.</span> <span class='ocrx_word' id='word_1_174' title='bbox 484 2389 611 2456; x_wconf 80' lang='lat' dir='ltr'>Primus</span> <span class='ocrx_word' id='word_1_175' title='bbox 628 2404 738 2452; x_wconf 88' lang='lat' dir='ltr'>autem</span> <span class='ocrx_word' id='word_1_176' title='bbox 756 2393 959 2453; x_wconf 75' lang='lat' dir='ltr'>Ptolemaeus</span> <span class='ocrx_word' id='word_1_177' title='bbox 977 2407 1009 2462; x_wconf 88' lang='lat'>2,</span> <span class='ocrx_word' id='word_1_178' title='bbox 1030 2383 1252 2454; x_wconf 84' lang='lat' dir='ltr'>11.Cherso··</span> 
     </span>
     <span class='ocr_line' id='line_1_21' title="bbox 193 2487 1239 2576; baseline -0.005 -23"><span class='ocrx_word' id='word_1_179' title='bbox 193 2487 305 2553; x_wconf 84' lang='lat' dir='ltr'>uesum</span> <span class='ocrx_word' id='word_1_180' title='bbox 321 2491 407 2553; x_wconf 89' lang='lat' dir='ltr'>illam</span> <span class='ocrx_word' id='word_1_181' title='bbox 427 2496 554 2555; x_wconf 88' lang='lat' dir='ltr'>vocavit</span> <span class='ocrx_word' id='word_1_182' title='bbox 573 2491 781 2563; x_wconf 82' lang='lat' dir='ltr'>Cimbricam,</span> <span class='ocrx_word' id='word_1_183' title='bbox 804 2509 854 2564; x_wconf 86' lang='lat' dir='ltr'>et,</span> <span class='ocrx_word' id='word_1_184' title='bbox 878 2493 964 2574; x_wconf 89' lang='lat' dir='ltr'>quod</span> <span class='ocrx_word' id='word_1_185' title='bbox 979 2493 1095 2576; x_wconf 65' lang='lat' dir='ltr'>gradui</span> <span class='ocrx_word' id='word_1_186' title='bbox 1109 2492 1239 2567; x_wconf 84' lang='lat' dir='ltr'>docent,</span> 
     </span>
     <span class='ocr_line' id='line_1_22' title="bbox 195 2587 1240 2678; baseline 0.006 -25"><span class='ocrx_word' id='word_1_187' title='bbox 195 2587 289 2673; x_wconf 87' lang='lat' dir='ltr'>super</span> <span class='ocrx_word' id='word_1_188' title='bbox 305 2592 411 2655; x_wconf 80' lang='lat' dir='ltr'>ttbtm</span> <span class='ocrx_word' id='word_1_189' title='bbox 429 2599 539 2678; x_wconf 88' lang='lat' dir='ltr'>ponit,</span> <span class='ocrx_word' id='word_1_190' title='bbox 566 2595 714 2659; x_wconf 80' lang='lat' dir='ltr'>Cimbros</span> <span class='ocrx_word' id='word_1_191' title='bbox 730 2610 836 2658; x_wconf 86' lang='lat' dir='ltr'>autem</span> <span class='ocrx_word' id='word_1_192' title='bbox 856 2592 940 2676; x_wconf 84' lang='lat' dir='ltr'>ipsoe</span> <span class='ocrx_word' id='word_1_193' title='bbox 961 2593 1075 2656; x_wconf 85' lang='lat' dir='ltr'>diserte</span> <span class='ocrx_word' id='word_1_194' title='bbox 1090 2593 1240 2659; x_wconf 79' lang='lat' dir='ltr'>omnium.</span> 
     </span>
     <span class='ocr_line' id='line_1_23' title="bbox 196 2689 1239 2784; baseline -0.004 -28"><span class='ocrx_word' id='word_1_195' title='bbox 196 2689 272 2758; x_wconf 81' lang='lat' dir='ltr'>facit</span> <span class='ocrx_word' id='word_1_196' title='bbox 289 2690 554 2784; x_wconf 69' lang='grc' dir='ltr'><em>ἁρκτικωτὲρους.</em></span> <span class='ocrx_word' id='word_1_197' title='bbox 594 2699 683 2780; x_wconf 86' lang='lat' dir='ltr'>Quae</span> <span class='ocrx_word' id='word_1_198' title='bbox 699 2719 772 2761; x_wconf 91' lang='lat' dir='ltr'>cum</span> <span class='ocrx_word' id='word_1_199' title='bbox 783 2694 906 2780; x_wconf 75' lang='lat' dir='ltr'>optime</span> <span class='ocrx_word' id='word_1_200' title='bbox 922 2717 997 2759; x_wconf 90' lang='lat' dir='ltr'>cum</span> <span class='ocrx_word' id='word_1_201' title='bbox 1010 2695 1094 2774; x_wconf 84' lang='lat' dir='ltr'>Mela</span> <span class='ocrx_word' id='word_1_202' title='bbox 1108 2692 1239 2757; x_wconf 79' lang='lat' dir='ltr'>conscu-</span> 
     </span>
     <span class='ocr_line' id='line_1_24' title="bbox 199 2794 1239 2884; baseline -0.006 -23"><span class='ocrx_word' id='word_1_203' title='bbox 199 2799 296 2868; x_wconf 76' lang='lat' dir='ltr'>t&#39;iamt,</span> <span class='ocrx_word' id='word_1_204' title='bbox 332 2799 385 2879; x_wconf 92' lang='lat' dir='ltr'>qui</span> <span class='ocrx_word' id='word_1_205' title='bbox 420 2803 451 2858; x_wconf 88' lang='lat' dir='ltr'>in</span> <span class='ocrx_word' id='word_1_206' title='bbox 487 2799 658 2882; x_wconf 41' lang='lat' dir='ltr'>supercilio*</span> <span class='ocrx_word' id='word_1_207' title='bbox 682 2803 796 2884; x_wconf 85' lang='lat' dir='ltr'>ponit,</span> <span class='ocrx_word' id='word_1_208' title='bbox 830 2816 899 2863; x_wconf 88' lang='lat' dir='ltr'>uon</span> <span class='ocrx_word' id='word_1_209' title='bbox 924 2799 1040 2871; x_wconf 75' lang='lat' dir='ltr'>rideo,</span> <span class='ocrx_word' id='word_1_210' title='bbox 1072 2794 1239 2879; x_wconf 83' lang='lat' dir='ltr'>quomodo</span> 
     </span>
     <span class='ocr_line' id='line_1_25' title="bbox 199 2890 1241 2984; baseline -0.006 -21"><span class='ocrx_word' id='word_1_211' title='bbox 199 2894 319 2963; x_wconf 80' lang='lat' dir='ltr'>Martio</span> <span class='ocrx_word' id='word_1_212' title='bbox 339 2902 373 2960; x_wconf 90' lang='lat' dir='ltr'>iu</span> <span class='ocrx_word' id='word_1_213' title='bbox 387 2899 456 2962; x_wconf 80' lang='lat' dir='ltr'>hisi.</span> <span class='ocrx_word' id='word_1_214' title='bbox 472 2901 527 2963; x_wconf 81' lang='lat' dir='ltr'>der</span> <span class='ocrx_word' id='word_1_215' title='bbox 546 2902 659 2963; x_wconf 82' lang='lat' dir='ltr'>Gauiee</span> <span class='ocrx_word' id='word_1_216' title='bbox 681 2903 721 2964; x_wconf 87' lang='lat' dir='ltr'>T.</span> <span class='ocrx_word' id='word_1_217' title='bbox 746 2922 774 2964; x_wconf 90' lang='lat' dir='ltr'>r.</span> <span class='ocrx_word' id='word_1_218' title='bbox 793 2922 826 2984; x_wconf 89' lang='lat' dir='ltr'>p.</span> <span class='ocrx_word' id='word_1_219' title='bbox 848 2922 928 2964; x_wconf 86' lang='lat' dir='ltr'>tor.</span> <span class='ocrx_word' id='word_1_220' title='bbox 946 2890 1142 2968; x_wconf 80' lang='lat' dir='ltr'>contendere</span> <span class='ocrx_word' id='word_1_221' title='bbox 1156 2911 1241 2960; x_wconf 86' lang='lat' dir='ltr'>recte</span> 
     </span>
     <span class='ocr_line' id='line_1_26' title="bbox 199 2995 1241 3087; baseline -0.006 -21"><span class='ocrx_word' id='word_1_222' title='bbox 199 2995 310 3087; x_wconf 83' lang='lat' dir='ltr'>poffit,</span> <span class='ocrx_word' id='word_1_223' title='bbox 344 3001 577 3065; x_wconf 87' lang='lat' dir='ltr'>Chersonesum</span> <span class='ocrx_word' id='word_1_224' title='bbox 593 3002 788 3066; x_wconf 87' lang='lat' dir='ltr'>Cimbricam</span> <span class='ocrx_word' id='word_1_225' title='bbox 810 3024 973 3086; x_wconf 86' lang='lat' dir='ltr'>nunquam</span> <span class='ocrx_word' id='word_1_226' title='bbox 989 3023 1006 3066; x_wconf 90' lang='lat' dir='ltr'>a</span> <span class='ocrx_word' id='word_1_227' title='bbox 1021 3000 1241 3080; x_wconf 74' lang='lat' dir='ltr'>veteribueiu</span> 
     </span>
     <span class='ocr_line' id='line_1_27' title="bbox 201 3102 1242 3186; baseline -0.004 -20"><span class='ocrx_word' id='word_1_228' title='bbox 201 3103 370 3166; x_wconf 87' lang='lat' dir='ltr'>Germania</span> <span class='ocrx_word' id='word_1_229' title='bbox 390 3103 480 3167; x_wconf 85' lang='lat' dir='ltr'>fuisse</span> <span class='ocrx_word' id='word_1_230' title='bbox 502 3105 652 3186; x_wconf 77' lang='lat' dir='ltr'>positam,</span> <span class='ocrx_word' id='word_1_231' title='bbox 690 3125 749 3166; x_wconf 86' lang='lat' dir='ltr'>nec</span> <span class='ocrx_word' id='word_1_232' title='bbox 769 3105 844 3166; x_wconf 87' lang='lat' dir='ltr'>inde</span> <span class='ocrx_word' id='word_1_233' title='bbox 866 3105 1017 3169; x_wconf 70' lang='lat' dir='ltr'>Cimbros</span> <span class='ocrx_word' id='word_1_234' title='bbox 1038 3106 1072 3165; x_wconf 89' lang='lat' dir='ltr'>iu</span> <span class='ocrx_word' id='word_1_235' title='bbox 1092 3103 1152 3164; x_wconf 84' lang='lat' dir='ltr'>asia</span> <span class='ocrx_word' id='word_1_236' title='bbox 1174 3102 1242 3163; x_wconf 79' lang='lat' dir='ltr'>loce</span> 
     </span>
     <span class='ocr_line' id='line_1_28' title="bbox 129 3201 1241 3290; baseline -0.001 -22"><span class='ocrx_word' id='word_1_237' title='bbox 129 3268 132 3273; x_wconf 87' lang='grc'><strong>,</strong></span> <span class='ocrx_word' id='word_1_238' title='bbox 200 3202 365 3290; x_wconf 82' lang='lat' dir='ltr'>migrasse,</span> <span class='ocrx_word' id='word_1_239' title='bbox 392 3207 463 3288; x_wconf 88' lang='lat' dir='ltr'>quia</span> <span class='ocrx_word' id='word_1_240' title='bbox 482 3208 660 3271; x_wconf 87' lang='lat' dir='ltr'>innotuerit</span> <span class='ocrx_word' id='word_1_241' title='bbox 681 3205 810 3270; x_wconf 77' lang='lat' dir='ltr'>saeculis</span> <span class='ocrx_word' id='word_1_242' title='bbox 825 3204 890 3271; x_wconf 85' lang='lat' dir='ltr'>fere</span> <span class='ocrx_word' id='word_1_243' title='bbox 907 3206 1041 3271; x_wconf 84' lang='lat' dir='ltr'>demum</span> <span class='ocrx_word' id='word_1_244' title='bbox 1059 3220 1080 3270; x_wconf 75' lang='grc' dir='ltr'><strong>Ω</strong></span> <span class='ocrx_word' id='word_1_245' title='bbox 1098 3201 1168 3287; x_wconf 83' lang='lat' dir='ltr'>post</span> <span class='ocrx_word' id='word_1_246' title='bbox 1190 3221 1241 3267; x_wconf 80' lang='lat' dir='ltr'>cx·</span> 
     </span>
     <span class='ocr_line' id='line_1_29' title="bbox 194 3305 1243 3397; baseline -0.003 -27"><span class='ocrx_word' id='word_1_247' title='bbox 194 3309 399 3397; x_wconf 70' lang='lat' dir='ltr'>peditionem</span> <span class='ocrx_word' id='word_1_248' title='bbox 418 3307 623 3395; x_wconf 84' lang='lat' dir='ltr'>Cimbricam.</span> <span class='ocrx_word' id='word_1_249' title='bbox 645 3393 647 3396; x_wconf 8' lang='lat' dir='ltr'>y</span> <span class='ocrx_word' id='word_1_250' title='bbox 676 3309 788 3373; x_wconf 86' lang='lat' dir='ltr'>Strabo</span> <span class='ocrx_word' id='word_1_251' title='bbox 804 3313 892 3371; x_wconf 87' lang='lat' dir='ltr'>enim</span> <span class='ocrx_word' id='word_1_252' title='bbox 911 3329 938 3372; x_wconf 92' lang='lat' dir='ltr'>c.</span> <span class='ocrx_word' id='word_1_253' title='bbox 953 3305 1106 3372; x_wconf 79' lang='lat' dir='ltr'>tuiierre</span> <span class='ocrx_word' id='word_1_254' title='bbox 1120 3322 1243 3367; x_wconf 83' lang='lat' dir='ltr'>memo·</span> 
     </span>
     <span class='ocr_line' id='line_1_30' title="bbox 201 3407 1244 3490; baseline -0.004 -19"><span class='ocrx_word' id='word_1_255' title='bbox 201 3423 248 3472; x_wconf 85' lang='lat' dir='ltr'>rat</span> <span class='ocrx_word' id='word_1_256' title='bbox 271 3409 357 3472; x_wconf 84' lang='lat' dir='ltr'>seder</span> <span class='ocrx_word' id='word_1_257' title='bbox 381 3408 521 3490; x_wconf 74' lang='lat' dir='ltr'>pristinae</span> <span class='ocrx_word' id='word_1_258' title='bbox 535 3431 590 3473; x_wconf 81' lang='lat' dir='ltr'>eoa</span> <span class='ocrx_word' id='word_1_259' title='bbox 611 3410 744 3473; x_wconf 78' lang='lat' dir='ltr'>tenuisse</span> <span class='ocrx_word' id='word_1_260' title='bbox 762 3413 795 3471; x_wconf 89' lang='lat' dir='ltr'>in</span> <span class='ocrx_word' id='word_1_261' title='bbox 811 3407 1027 3484; x_wconf 79' lang='lat' dir='ltr'>Chersones03</span> <span class='ocrx_word' id='word_1_262' title='bbox 1059 3420 1107 3478; x_wconf 90' lang='lat' dir='ltr'>et,</span> <span class='ocrx_word' id='word_1_263' title='bbox 1134 3425 1244 3489; x_wconf 82' lang='lat' dir='ltr'>quam·</span> 
     </span>
     <span class='ocr_line' id='line_1_31' title="bbox 200 3506 1243 3597; baseline -0.002 -25"><span class='ocrx_word' id='word_1_264' title='bbox 200 3533 295 3595; x_wconf 88' lang='lat' dir='ltr'>quam</span> <span class='ocrx_word' id='word_1_265' title='bbox 323 3509 515 3577; x_wconf 85' lang='lat' dir='ltr'>Cimbricam</span> <span class='ocrx_word' id='word_1_266' title='bbox 539 3530 607 3576; x_wconf 84' lang='lat' dir='ltr'>non</span> <span class='ocrx_word' id='word_1_267' title='bbox 636 3513 787 3597; x_wconf 83' lang='lat' dir='ltr'>adpellat,</span> <span class='ocrx_word' id='word_1_268' title='bbox 820 3514 933 3576; x_wconf 85' lang='lat' dir='ltr'>eadem</span> <span class='ocrx_word' id='word_1_269' title='bbox 955 3525 1063 3575; x_wconf 86' lang='lat' dir='ltr'>tamen</span> <span class='ocrx_word' id='word_1_270' title='bbox 1093 3510 1148 3570; x_wconf 86' lang='lat' dir='ltr'>iila</span> <span class='ocrx_word' id='word_1_271' title='bbox 1170 3506 1243 3570; x_wconf 79' lang='lat' dir='ltr'>fuit.</span> 
     </span>
     <span class='ocr_line' id='line_1_32' title="bbox 202 3611 1244 3696; baseline -0.005 -20"><span class='ocrx_word' id='word_1_272' title='bbox 202 3613 317 3696; x_wconf 85' lang='lat' dir='ltr'>Neque</span> <span class='ocrx_word' id='word_1_273' title='bbox 346 3629 452 3675; x_wconf 87' lang='lat' dir='ltr'>tamen</span> <span class='ocrx_word' id='word_1_274' title='bbox 482 3615 691 3685; x_wconf 87' lang='lat' dir='ltr'>contendam,</span> <span class='ocrx_word' id='word_1_275' title='bbox 723 3615 853 3696; x_wconf 82' lang='lat' dir='ltr'>perritur</span> <span class='ocrx_word' id='word_1_276' title='bbox 880 3615 966 3680; x_wconf 87' lang='lat' dir='ltr'>illam</span> <span class='ocrx_word' id='word_1_277' title='bbox 992 3611 1078 3676; x_wconf 85' lang='lat' dir='ltr'>nosse</span> <span class='ocrx_word' id='word_1_278' title='bbox 1101 3625 1135 3675; x_wconf 86' lang='lat' dir='ltr'>et</span> <span class='ocrx_word' id='word_1_279' title='bbox 1156 3630 1244 3673; x_wconf 91' lang='lat' dir='ltr'>accu-</span> 
     </span>
     <span class='ocr_line' id='line_1_33' title="bbox 202 3712 1246 3787; baseline -0.005 -7"><span class='ocrx_word' id='word_1_280' title='bbox 202 3718 300 3780; x_wconf 87' lang='lat' dir='ltr'>ratiue</span> <span class='ocrx_word' id='word_1_281' title='bbox 321 3713 455 3787; x_wconf 86' lang='lat' dir='ltr'>notasse,</span> <span class='ocrx_word' id='word_1_282' title='bbox 483 3737 559 3779; x_wconf 88' lang='lat' dir='ltr'>cum</span> <span class='ocrx_word' id='word_1_283' title='bbox 580 3717 661 3781; x_wconf 83' lang='lat' dir='ltr'>ultra</span> <span class='ocrx_word' id='word_1_284' title='bbox 678 3714 784 3778; x_wconf 75' lang='lat' dir='ltr'>Albim</span> <span class='ocrx_word' id='word_1_285' title='bbox 806 3715 859 3780; x_wconf 84' lang='lat' dir='ltr'>fita</span> <span class='ocrx_word' id='word_1_286' title='bbox 878 3718 1042 3780; x_wconf 79' lang='lat' dir='ltr'>Romanoa</span> <span class='ocrx_word' id='word_1_287' title='bbox 1063 3712 1170 3777; x_wconf 84' lang='lat' dir='ltr'>adiisse</span> <span class='ocrx_word' id='word_1_288' title='bbox 1191 3731 1246 3780; x_wconf 82' lang='lat' dir='ltr'>ne·</span> 
     </span>
    </p>
   </div>
   <div class='ocr_carea' id='block_1_5' title="bbox 76 3811 1247 3907">
    <p class='ocr_par' dir='ltr' id='par_1_5' title="bbox 76 3811 1247 3907">
     <span class='ocr_line' id='line_1_34' title="bbox 76 3811 1247 3907; baseline 0.006 -29"><span class='ocrx_word' id='word_1_289' title='bbox 76 3847 79 3853; x_wconf 91' lang='lat'><strong>·</strong></span> <span class='ocrx_word' id='word_1_290' title='bbox 202 3834 258 3907; x_wconf 76' lang='lat' dir='ltr'>get</span> <span class='ocrx_word' id='word_1_291' title='bbox 274 3835 307 3897; x_wconf 82' lang='lat'>7.</span> <span class='ocrx_word' id='word_1_292' title='bbox 326 3838 358 3901; x_wconf 84' lang='lat' dir='ltr'>p.</span> <span class='ocrx_word' id='word_1_293' title='bbox 377 3831 462 3896; x_wconf 73' lang='lat'>203.</span> <span class='ocrx_word' id='word_1_294' title='bbox 478 3817 500 3882; x_wconf 83' lang='lat' dir='ltr'>i.</span> <span class='ocrx_word' id='word_1_295' title='bbox 518 3832 603 3899; x_wconf 77' lang='lat'><strong>294.</strong></span> <span class='ocrx_word' id='word_1_296' title='bbox 624 3819 691 3888; x_wconf 88' lang='lat' dir='ltr'>nbi,</span> <span class='ocrx_word' id='word_1_297' title='bbox 719 3836 791 3879; x_wconf 89' lang='lat' dir='ltr'>curu</span> <span class='ocrx_word' id='word_1_298' title='bbox 807 3820 898 3881; x_wconf 88' lang='lat' dir='ltr'>addit</span> <span class='ocrx_word' id='word_1_299' title='bbox 912 3813 992 3906; x_wconf 76' lang='grc' dir='ltr'>πρὸς</span> <span class='ocrx_word' id='word_1_300' title='bbox 1011 3815 1062 3898; x_wconf 69' lang='grc' dir='ltr'>τῷ</span> <span class='ocrx_word' id='word_1_301' title='bbox 1075 3811 1247 3896; x_wconf 54' lang='grc' dir='ltr'>Ὠκεανῷ,</span> 
     </span>
    </p>
   </div>
   <div class='ocr_carea' id='block_1_6' title="bbox 203 3916 1254 4221">
    <p class='ocr_par' dir='ltr' id='par_1_6' title="bbox 203 3916 1254 4221">
     <span class='ocr_line' id='line_1_35' title="bbox 203 3916 1250 4008; baseline -0.005 -26"><span class='ocrx_word' id='word_1_302' title='bbox 203 3922 276 4008; x_wconf 87' lang='lat' dir='ltr'>quia</span> <span class='ocrx_word' id='word_1_303' title='bbox 291 3936 325 3987; x_wconf 89' lang='lat' dir='ltr'>et</span> <span class='ocrx_word' id='word_1_304' title='bbox 340 3920 428 3982; x_wconf 76' lang='lat' dir='ltr'>tibia</span> <span class='ocrx_word' id='word_1_305' title='bbox 441 3920 555 3983; x_wconf 87' lang='lat' dir='ltr'>oiiium</span> <span class='ocrx_word' id='word_1_306' title='bbox 574 3918 617 3982; x_wconf 86' lang='lat' dir='ltr'>eii</span> <span class='ocrx_word' id='word_1_307' title='bbox 634 3920 672 3982; x_wconf 86' lang='lat' dir='ltr'>ati</span> <span class='ocrx_word' id='word_1_308' title='bbox 690 3919 872 3993; x_wconf 84' lang='lat' dir='ltr'>Oceanum,</span> <span class='ocrx_word' id='word_1_309' title='bbox 896 3922 1026 3984; x_wconf 86' lang='lat' dir='ltr'>alteram</span> <span class='ocrx_word' id='word_1_310' title='bbox 1043 3916 1166 3983; x_wconf 86' lang='lat' dir='ltr'>Oceani</span> <span class='ocrx_word' id='word_1_311' title='bbox 1180 3922 1250 4001; x_wconf 76' lang='lat' dir='ltr'>par·</span> 
     </span>
     <span class='ocr_line' id='line_1_36' title="bbox 204 4015 1254 4109; baseline -0.005 -23"><span class='ocrx_word' id='word_1_312' title='bbox 204 4036 273 4088; x_wconf 87' lang='lat' dir='ltr'>tem</span> <span class='ocrx_word' id='word_1_313' title='bbox 289 4024 373 4086; x_wconf 89' lang='lat' dir='ltr'>ultra</span> <span class='ocrx_word' id='word_1_314' title='bbox 389 4021 497 4084; x_wconf 85' lang='lat' dir='ltr'>Albim</span> <span class='ocrx_word' id='word_1_315' title='bbox 520 4023 698 4107; x_wconf 81' lang='lat' dir='ltr'>intelligere</span> <span class='ocrx_word' id='word_1_316' title='bbox 718 4021 824 4085; x_wconf 88' lang='lat' dir='ltr'>debet.</span> <span class='ocrx_word' id='word_1_317' title='bbox 861 4024 1000 4088; x_wconf 84' lang='lat' dir='ltr'>Temere</span> <span class='ocrx_word' id='word_1_318' title='bbox 1020 4022 1120 4109; x_wconf 80' lang='lat' dir='ltr'>igitur</span> <span class='ocrx_word' id='word_1_319' title='bbox 1134 4015 1254 4097; x_wconf 42' lang='lat' dir='ltr'>saffra,</span> 
     </span>
     <span class='ocr_line' id='line_1_37' title="bbox 205 4119 1251 4221; baseline -0.004 -32"><span class='ocrx_word' id='word_1_320' title='bbox 205 4125 266 4192; x_wconf 84' lang='lat' dir='ltr'>due</span> <span class='ocrx_word' id='word_1_321' title='bbox 294 4124 409 4192; x_wconf 78' lang='lat' dir='ltr'>Petrus</span> <span class='ocrx_word' id='word_1_322' title='bbox 435 4124 477 4217; x_wconf 81' lang='lat' dir='ltr'>de</span> <span class='ocrx_word' id='word_1_323' title='bbox 505 4124 587 4213; x_wconf 76' lang='lat' dir='ltr'>orig.</span> <span class='ocrx_word' id='word_1_324' title='bbox 613 4119 728 4189; x_wconf 81' lang='lat' dir='ltr'>Friior.</span> <span class='ocrx_word' id='word_1_325' title='bbox 754 4125 788 4221; x_wconf 81' lang='grc' dir='ltr'>6,Ι</span> <span class='ocrx_word' id='word_1_326' title='bbox 814 4125 851 4190; x_wconf 86' lang='grc'>6.</span> <span class='ocrx_word' id='word_1_327' title='bbox 872 4139 987 4215; x_wconf 70' lang='lat' dir='ltr'>negat,</span> <span class='ocrx_word' id='word_1_328' title='bbox 1027 4122 1184 4191; x_wconf 80' lang='lat' dir='ltr'>Cimbrec</span> <span class='ocrx_word' id='word_1_329' title='bbox 1208 4137 1251 4187; x_wconf 73' lang='lat' dir='ltr'>ex</span> 
     </span>
    </p>
   </div>
   <div class='ocr_carea' id='block_1_7' title="bbox 0 0 1321 4606">
    <p class='ocr_par' dir='ltr' id='par_1_7' title="bbox 0 0 1321 4606">
     <span class='ocr_line' id='line_1_38' title="bbox 0 0 1321 4606; baseline 0 0"><span class='ocrx_word' id='word_1_330' title='bbox 0 0 1321 4606; x_wconf 95' lang='lat' dir='ltr'> </span> 
     </span>
    </p>
   </div>
  </div>
 </body>
</html>
