2558 4606
168 384 238 445 ru
266 380 401 443 auur.
429 382 538 447 runt.
578 382 615 441 r.
636 384 689 441 m.
730 380 763 443 c
784 386 823 443 rr.
862 388 889 460 t·
912 385 943 446 r.
1057 387 1101 471 e,

56 558 236 631 intumuit,
263 572 298 623 et
310 556 367 619 ubi
382 552 497 628 senur,
521 556 568 619 lbi
581 558 719 621 maxime
733 579 803 622 eam
822 560 933 633 ambit,
957 576 991 625 et
1011 564 1098 639 iden,

52 680 128 725 enm
145 662 243 725 ustinr
258 657 324 745 ipsu
340 656 442 721 insula
459 658 497 720 srt
512 658 642 731 fluctus,
668 664 777 723 omnia
792 664 860 724 niue
878 666 970 745 plena
985 678 1018 726 et
1034 688 1117 745 rrra·¹

56 762 166 827 niselia
188 763 359 831 ridentur.
385 774 546 843 tamquam
562 760 584 819 sr
603 780 643 823 ex
663 758 817 845 superiori
839 764 929 836 luco,
956 766 978 829 i.
1000 787 1029 830 e.
1053 788 1095 833 ex

56 862 292 928 intumescente
305 862 413 932 linctu,
428 882 465 925 ea
478 864 747 947 contemplaretur
760 866 870 947 aliquia
885 868 959 929 nuri
973 884 1094 947 vectue,

55 984 128 1029 tum
155 978 249 1029 antea
272 962 362 1045 ripae·
386 976 420 1026 et
445 962 541 1027 colice
566 964 801 1046 impedimento
823 967 921 1030 essent
946 956 1095 1037 slrrctibua

55 1068 118 1131 iem
133 1066 358 1135 refluentihue.
375 1078 409 1129 et
425 1062 555 1128 Oceano
571 1067 789 1147 tranquilliori.
816 1068 902 1130 Haec
916 1068 1094 1145 sereStellu.

54 1189 134 1255 quae
148 1188 266 1251 parum
285 1164 486 1229 satiesacinnt.
528 1164 682 1229 Schuttue
696 1168 815 1250 duplici
830 1173 964 1233 nomine
981 1173 1095 1237 incolit
1144 1180 1152 1209 ⁸

52 1268 189 1334 insulam
205 1282 311 1333 natare
327 1266 425 1329 risum
440 1266 501 1329 esse
522 1280 630 1349 putet,
663 1288 756 1342 cum,
785 1274 871 1352 quod
889 1287 981 1336 aucto
1003 1278 1093 1348 muri,

55 1372 109 1435 nbi
122 1372 254 1442 citiore.
276 1387 357 1455 quee
372 1368 535 1439 obiacent,
558 1370 647 1452 uquie
660 1370 813 1434 fluctibuc
826 1375 1027 1455 operiantur,
1059 1378 1094 1439 in

55 1474 174 1537 insulae
196 1488 304 1535 tumen
321 1490 375 1533 nru
390 1471 473 1532 nihil
487 1472 582 1531 altine
598 1468 690 1533 snlitn
707 1490 785 1553 aqua
799 1478 984 1547 excreverit,
1009 1480 1097 1542 unde

56 1596 118 1639 nne
153 1594 232 1637 cum
258 1593 337 1659 aque
362 1572 465 1634 attolli
492 1586 524 1635 et
548 1573 687 1655 deprimi
711 1570 844 1635 insulam
874 1578 986 1659 opinio
1010 1594 1093 1642 nate.

56 1678 185 1743 Delnrle
208 1678 317 1759 quod,
353 1694 433 1757 qnae
456 1686 546 1736 antea
572 1672 703 1735 obiectu
730 1692 883 1759 aggerum
905 1678 1009 1740 rideri
1028 1702 1096 1743 non

55 1792 220 1863 poterant,
253 1790 331 1839 tuuc
347 1774 437 1837 incise
458 1772 513 1835 sub
528 1772 710 1857 adspectum
728 1776 851 1839 cedunt.
900 1777 1024 1841 Addam
1044 1800 1098 1843 ex·

55 1879 262 1965 plicationem
286 1872 395 1942 Voffii.
431 1876 544 1941 Simile
567 1876 645 1957 quid
666 1889 770 1937 narrat
792 1876 921 1940 Plinius·
936 1890 970 1956 5,
998 1901 1027 1943 r.
1054 1884 1095 1945 de

57 1982 211 2047 aestuario
234 1981 274 2042 ad
295 1996 424 2043 amnem
446 1978 582 2051 Lixum:
615 1977 819 2057 amplectitur
838 1979 926 2041 intre
948 1972 1095 2071 insulam,

56 2104 150 2169 quum
157 2074 271 2175 seiam
290 2082 429 2143 euiciuu
446 2092 552 2141 tractu
574 2078 743 2163 usiqrtarrtn
762 2076 941 2170 excossrore,
965 2104 1029 2145 nou
1047 2090 1098 2147 tu·

58 2208 123 2249 areu
138 2182 249 2279 uestra
261 2182 361 2245 muria
374 2178 545 2245 inundant.
578 2181 746 2242 Pincianue
759 2193 792 2243 et
807 2181 859 2242 ulii
875 2180 928 2244 hic
941 2184 981 2245 ad
996 2204 1097 2267 aquae

59 2279 221 2372 διᾶφανον
246 2296 429 2353 recurrunt,
462 2300 543 2364 quae
568 2280 683 2351 elficit.
712 2296 749 2343 ut
771 2282 836 2343 ium
863 2283 963 2345 mersa
987 2288 1099 2352 denuo

57 2386 109 2451 sub
127 2386 319 2470 adspectum
341 2385 464 2447 cadum.
516 2384 636 2445 Verum
653 2382 816 2455 neubon,
847 2381 900 2446 sed
922 2384 1002 2447 illud
1024 2408 1097 2469 pro·

56 2490 199 2553 bandum
222 2500 307 2559 etat,
341 2504 437 2569 quere
459 2504 534 2547 cum
561 2482 737 2546 obiacentia
761 2483 836 2545 huic
861 2482 980 2551 insuite
1003 2490 1097 2553 litora

56 2594 164 2655 altiore
179 2590 363 2663 videantur,
388 2599 528 2649 ettamen
544 2583 583 2646 ab
600 2584 683 2648 aestu
704 2576 911 2658 intrudentur.
938 2607 1010 2650 cum
1032 2590 1097 2673 ἱρὴ

57 2694 156 2757 insula
182 2690 275 2774 supra
294 2707 382 2754 mare
400 2687 509 2750 exslet.
568 2687 636 2759 Alia
657 2688 763 2768 itaque
786 2687 881 2751 huiue
902 2691 947 2751 rei
972 2694 1098 2777 excogi-

56 2800 149 2861 tanda
164 2794 211 2859 cst
228 2794 323 2857 tutio.
373 2792 445 2875 Ego
461 2788 501 2850 sic
517 2789 671 2859 existimo.
697 2789 790 2849 litore
807 2790 869 2858 illa.
898 2810 977 2872 quae
994 2794 1096 2858 Antra

55 2898 173 2963 insulae
189 2894 356 2964 obiacent,
380 2905 413 2953 ct
435 2890 506 2960 illu,
532 2909 611 2971 quae
629 2891 664 2950 in
680 2890 855 2973 Tingituno
869 2888 1019 2953 aestuario
1035 2894 1097 2959 esse

55 3000 217 3069 sinimur,
250 2992 361 3068 insulie
379 2993 483 3055 adlitie
501 2990 561 3053 else
581 2984 786 3074 depreffiora.
817 2994 963 3074 quumviu
985 2996 1097 3060 altiora

54 3110 226 3189 rppareant
240 3110 373 3183 propter
391 3096 485 3156 situm
503 3093 577 3155 loci.
628 3092 867 3155 Demonstrutur
889 3094 952 3156 hoc
971 3098 1096 3161 ratione

54 3208 180 3291 opticu,
215 3202 313 3263 etium
333 3197 420 3259 nullu
440 3192 581 3257 adhibita
601 3192 799 3258 resructione.
856 3190 908 3258 Sit
931 3198 1020 3257 euim
1040 3210 1096 3261 rut

53 3309 161 3379 tallia,
196 3314 254 3364 aut
275 3300 385 3362 alaeue
403 3296 562 3366 aestuarii,
588 3310 643 3357 eut
664 3295 845 3376 quicunque
862 3308 962 3358 terrae
979 3312 1096 3365 tractu!

53 3410 161 3473 medin
176 3400 350 3486 depressus,
374 3398 495 3481 semper
509 3397 638 3480 crepido
655 3397 797 3467 ulterior,
830 3398 896 3469 illo,
918 3400 970 3461 cui
987 3401 1096 3463 insilii·

54 3488 137 3581 mue,
168 3502 321 3570 excelsror
335 3499 507 3585 apparebit.
559 3497 689 3559 Norunt
711 3497 773 3559 hoc
794 3501 931 3581 topiarii,
965 3503 1097 3581 quitali

54 3622 244 3679 commento
259 3604 363 3667 solent
385 3600 498 3675 nculne
519 3596 634 3662 fallere.
687 3600 737 3662 Sit
752 3600 820 3661 ΑΕ
842 3600 1058 3666 ambulacrum
1078 3626 1098 3668 a

54 3716 163 3781 nediu
179 3710 209 3775 C
232 3710 267 3769 in
285 3705 400 3767 moilen
415 3704 575 3782 utrimque
591 3700 692 3762 cliroe
711 3698 890 3785 adsurgere.
931 3703 998 3787 Qui
1013 3706 1096 3771 exA

56 3816 131 3881 ult
147 3810 369 3882 descendunt,
392 3807 428 3867 in
442 3805 539 3889 planu
555 3799 585 3865 se
599 3802 759 3865 ambulare
774 3803 961 3870 existimant.

1208 2404 1221 2438 i
