2558 4606
15 380 60 459 t'·
165 373 235 445 sod
320 348 357 427 ‘.-
437 364 597 439 noste
636 362 977 425 anseromia·

122 608 129 619 ,
165 540 288 615 montis
310 538 402 605 curt.
420 551 455 619 8.
474 560 538 613 ta,
561 558 618 606 aa.
654 539 767 629 stratio
788 550 844 616 ¹5.
865 558 938 623 pag.
960 546 1048 621 472.
1074 534 1095 601 f.
1122 538 1211 615 687.

166 644 291 709 Arrian.
308 643 341 707 in
355 644 458 704 indic.
475 663 502 704 c.
525 664 553 705 1.
586 645 635 704 Ex
650 643 756 731 ¹Plinio
772 656 879 704 autern
898 644 931 711 6,
948 637 1007 719 25'.
1024 638 1046 701 i.
1062 656 1122 703 9ι.
1142 636 1220 699 eie·-

164 759 229 817 cet.
252 745 374 825 aliquos
395 746 433 806 ad
451 745 575 805 Indiam
590 742 664 806 ideo
679 764 744 804 non
761 742 907 813 retuiiffe,
933 742 1008 824 quia
1024 743 1064 804 ad
1082 740 1210 821 Copho-

75 828 81 835 ’
112 842 117 857 ’
165 844 377 915 itemst-fuit
393 846 462 917 fita,
493 860 589 927 quem
610 844 684 909 iacit
701 847 815 907 'indiae
838 844 1023 908 terminum.
1084 840 1213 904 nitens

84 981 92 999 ·
166 949 265 1013 etiam
279 960 373 1031 negat
388 949 509 1011 Arrian.
520 949 562 1009 in
578 948 648 1010 ind.
666 968 692 1010 c.
707 948 728 1008 1.
753 944 894 1026 Nysaeos
916 946 1058 1007 Indicam
1077 952 1214 1029 gentem

167 1045 275 1120 fniffe,
302 1047 352 1109 ied
371 1068 411 1110 ex
433 1050 521 1111 indis
543 1051 703 1135 originem
726 1050 853 1110 tannim
876 1046 1007 1110 traxiiie.
1047 1046 1213 1108 Pandaeo·

62 1178 70 1201 x
133 1226 136 1239 ι
167 1170 244 1223 rum
263 1150 353 1235 genti
368 1153 422 1217 dat
437 1151 536 1215 Solin.
554 1171 582 1237 cp
599 1164 658 1228 59.
676 1147 695 1213 i.
713 1161 774 1227 55.
797 1168 937 1230 quocum
953 1146 1112 1211 nonientit
1130 1146 1218 1209 Mar-t

167 1254 275 1323 tianus
284 1248 323 1319 ,6.
344 1272 376 1333 p.
393 1260 479 1333 aad.
518 1252 655 1313 Pandaei
671 1265 776 1313 autern
793 1244 879 1311 iuxta
894 1251 1072 1335 Sogdianos
1092 1246 1215 1311 habita·

155 1366 266 1422 ¹rant,
292 1353 347 1412 vei
361 1354 401 1414 iis
415 1355 494 1415 adeo
516 1351 734 1415 adscribuntur
748 1372 764 1415 a
780 1352 927 1415 Salmaiio
943 1352 983 1413 ad
997 1352 1101 1415 Solin.
1119 1372 1153 1435 p.
1163 1356 1219 1413 m..

172 1460 260 1531 qod.
283 1453 340 1513 nbi
358 1455 447 1534 plura
467 1455 607 1540 conlegit
623 1457 663 1518 de
678 1454 843 1527 Pandaeis.
893 1452 1098 1523 Ptolemaeo.
1126 1451 1221 1534 qnod.

163 1546 246 1625 addi
267 1552 376 1637 pontt,
410 1554 482 1617 innt
507 1556 639 1618 Pandoi
653 1554 684 1618 i.
712 1556 866 1617 Pandovi
897 1558 932 1617 in
958 1556 1030 1622 cod.
1056 1554 1156 1625 Paiat.
1180 1565 1222 1613 et.

17 1730 20 1747 1
170 1676 272 1741 propa
288 1655 470 1742 Hydaspen.
511 1657 597 1721 Cum
613 1657 697 1739 apud
713 1657 853 1721 eundern
870 1656 946 1719 urbs
962 1656 1103 1738 Nagara
1117 1657 1231 1719 etiam.

54 1758 58 1771 '
170 1758 416 1840 Dionyfiopolis
435 1762 568 1831 dicatur,
591 1762 645 1821 vel
660 1759 772 1821 eadem
788 1759 841 1828 est.
864 1778 944 1840 qnae
959 1756 1052 1836 Nysa.
1076 1758 1130 1819 vei
1146 1776 1221 1820 noni

171 1861 286 1947 procui
304 1861 381 1923 inde
403 1861 531 1933 diafit'a.
557 1874 590 1924 et
613 1861 647 1924 h.
668 1863 797 1923 videtur
818 1860 879 1923 etto
894 1860 1030 1941 Nagar,
1063 1880 1160 1941 apuam
1180 1871 1215 1920 et

174 1954 551 2046 GeographiTurcorum
567 1965 601 2025 in
616 1964 732 2027 eodem
750 1976 851 2025 tractu
864 1961 1044 2031 ostendunt,
1066 1974 1104 2022 nt
1119 1962 1216 2023 docet

128 2131 131 2136 ,
170 2062 336 2131 d’snvitle
358 2084 391 2147 p.
412 2082 454 2126 to
471 2061 534 2146 [qq.
551 2084 578 2129 c.
595 2065 617 2129 l.
644 2066 677 2125 in
694 2083 758 2146 quo
774 2079 881 2127 tamen
896 2064 1047 2127 renititur
1064 2062 1217 2143 Mannsrt

170 2164 208 2227 in
225 2165 342 2247 Geogr.
360 2166 400 2225 T.
418 2178 453 2240 5.
469 2185 500 2245 p.
520 2176 580 2244 58.
632 2168 672 2226 in
693 2164 891 2251 Gangraphia
909 2166 1035 2235 indiae,
1061 2184 1141 2247 quae
1156 2164 1217 2227 Ta·

172 2266 290 2329 mulica
312 2266 421 2349 lingna
436 2263 547 2348 [cripta
560 2266 622 2338 est,
648 2279 682 2328 et
701 2267 852 2345 aBayero
870 2271 904 2327 in
919 2264 987 2327 hist.
1004 2268 1097 2351 regni
1111 2266 1227 2347 Bactr„

173 2386 246 2451 pag.
263 2370 296 2449 4.
315 2363 356 2446 sq.
379 2359 560 2451 adlegatur,
597 2369 721 2430 mentio
753 2370 788 2429 fit
821 2369 908 2430 urbis
931 2358 1216 2458 Nisada·bztram,

172 2487 254 2551 qnae
271 2466 323 2539 iita
338 2481 403 2529 erat
420 2471 457 2530 ad
474 2469 593 2531 radices
604 2473 727 2532 montis
738 2469 843 2536 Merit
867 2471 980 2551 inquo
998 2467 1088 2532 facile
1101 2470 1217 2531 Meron

151 2636 156 2654 ‚y
173 2567 334 2653 agnoscas.
373 2572 399 2643 A
417 2570 556 2649 Graecis,
579 2567 677 2656 (nam
690 2558 767 2632 illuri
784 2568 963 2651 Peraeam)
989 2564 1029 2634 τὸ
1046 2592 1109 2651 pur
1123 2568 1218 2633 omii-

174 2669 244 2733 tum
262 2684 294 2731 et
315 2669 390 2757 hinc
404 2663 501 2762 Nysa
516 2672 690 2736 remansrffe
706 2672 851 2744 videtur,
877 2675 924 2733 nti
947 2673 1033 2733 idem
1049 2672 1216 2735 existimat.

173 2772 406 2835 Tieffenthaler
421 2792 493 2859 pag.
513 2796 569 2838 tr.
590 2794 692 2837 arcem
712 2774 800 2837 urbis
816 2773 975 2834 Kandhnr
994 2772 1054 2835 effe
1070 2786 1163 2857 putat
1178 2774 1221 2835 ad·

131 2866 137 2877 ’
173 2874 317 2937 eundem
338 2888 504 2947 montem,
534 2878 621 2960 quod
638 2889 743 2939 tamen
768 2876 903 2937 dubium
925 2872 1000 2935 facit
1015 2872 1119 2954 Nysae
1140 2875 1218 2937 titus

173 2976 258 3037 inter
273 2974 465 3057 Cophenent
481 2994 514 3041 et
528 2980 646 3041 indum
664 2979 748 3061 apud
766 2979 887 3039 Arrian.
904 2977 944 3039 de
959 2996 1032 3057 exp.
1046 2976 1103 3040 lib.
1120 2989 1155 3054 5.
1172 2978 1219 3041 in.

173 3078 328 3143 Inclamit
352 3095 459 3141 autam
485 3078 582 3161 prisca
606 3081 683 3141 baec
707 3078 781 3140 orbs
807 3079 975 3141 conditore
998 3076 1053 3141 ino
1078 3077 1231 3163 Baccho..

173 3200 273 3262 quern
289 3192 323 3240 et
343 3180 461 3241 iactant
481 3182 603 3247 incolae
624 3183 708 3262 apud
724 3182 894 3243 Arrianom
909 3195 943 3241 et
963 3178 1126 3245 Curtium.
1165 3181 1219 3243 Et

175 3280 218 3355 Γιρ
235 3282 364 3343 tradunt
376 3283 430 3345 alii
445 3296 588 3345 auctores
604 3302 677 3347 cnm
694 3284 742 3351 iis.
764 3302 845 3363 qnos
862 3287 924 3343 iarn
942 3282 1094 3351 indicavi,
1116 3283 1228 3343 veluti·

165 3376 261 3455 Ptin.
272 3380 306 3450 6.
322 3396 381 3461 95.
392 3381 413 3444 i.
427 3400 484 3447 ar.
513 3384 622 3448 ltidor.
639 3383 721 3467 orig.
743 3396 796 3460 15.
817 3402 846 3467 t.
872 3382 1011 3449 Enitath.
1023 3384 1063 3444 ati
1080 3380 1245 3463 Dionpi.·'

175 3503 211 3546 v..
233 3496 338 3562 ¹¹59·
364 3518 418 3530 —
460 3485 532 3548 vid.
553 3486 676 3568 Popma
699 3498 732 3545 et
755 3484 952 3551 Freinshem.
976 3486 1015 3545 ad
1037 3482 1130 3549 Curt.
1148 3506 1176 3548 ο.
1194 3486 1217 3549 i.

174 3585 283 3665 Atque
298 3587 331 3644 id
347 3582 465 3647 facturn
481 3586 542 3649 effe
557 3587 708 3649 aBaccho
722 3587 756 3647 in
772 3585 978 3669 expeditione
991 3587 1109 3658 indica.
1128 3586 1228 3651 Indis·

175 3686 326 3757 domitis.
358 3700 501 3759 tranant,
535 3690 576 3750 de
601 3708 661 3770 qua
686 3689 891 3770 expeditione
916 3686 1045 3772 longam
1077 3686 1219 3755 fabulam

158 3861 161 3866 .
175 3785 358 3868 composuit
368 3788 515 3859 Nonnus,
530 3808 627 3871 quam
642 3791 785 3870 explodit
795 3789 944 3853 Strobos.
954 3790 974 3849 i.
995 3790 1100 3851 ‘tincta
1118 3804 1218 3855 terrae

79 3874 86 3887 ¹¹
176 3890 362 3973 cognitione
391 3910 430 3952 eo
457 3892 612 3974 prolatam
638 3905 729 3972 putat
755 3888 901 3961 Voii'rus.
920 3888 1081 3968 (Mythol.
1109 3890 1225 3955 Brieie

176 3992 219 4054 Τ.
242 4012 270 4052 r.
288 4012 320 4073 p.
337 3993 445 4069 262.)
475 4007 585 4055 contra
607 3992 812 4076 Boettigerna
835 3992 912 4072 (Gr.
932 3990 1228 4059 Vastan-Gemitido.

176 4090 313 4180 aliendi)
343 4092 472 4159 inverso
498 4092 612 4159 ordine
643 4106 801 4165 nauatam
825 4114 843 4157 a
869 4093 996 4157 Graecis
1012 4092 1100 4167 effe,
1143 4098 1231 4180 quia.
