2558 4606
183 325 402 391 rurour.
428 328 538 389 nur„
577 310 690 390 rim.
730 268 972 403 crusec.
1037 320 1100 405 265

57 520 137 590 pore
163 503 308 579 conlirt,··
331 502 415 569 urici
438 505 478 568 ad
501 504 621 571 radicet
646 506 827 578 montium.
859 506 915 590 qui
939 516 1097 569 vocentur

58 594 239 695 Kmtotffe,
262 607 462 692 expluribus
477 605 630 679 fontibur,
653 606 757 692 (duoo
777 610 965 693 praecipuor
987 604 1095 670 iontee

56 706 155 771 lubet
168 706 317 771 P-eunmt
331 710 366 772 iu
386 710 478 775 View
491 707 529 772 of
539 706 738 794 Hindostun)
763 710 846 774 duos
860 711 996 796 grandes
1010 709 1096 773 lacu·

58 808 208 879 naurire,
240 810 309 891 poli
329 811 368 873 ad
391 810 592 875 occidentem
611 810 690 887 lubi,
725 810 1016 876 dumrmontibue
1038 808 1096 873 ob·
1184 858 1186 875 .

59 910 151 975 iectie
175 908 211 973 in
238 910 365 975 indiam
390 927 515 977 vertere
538 928 677 1000 cogitur.
728 914 801 977 vid.
830 913 996 977 d’dnville
1018 929 1046 975 c.
1069 908 1095 975 1.

58 1030 130 1099 prg-
145 1008 195 1091 64
209 1008 272 1095 qu.
299 1012 355 1075 ubi
377 1012 523 1099 pluribue
543 1016 583 1078 de
598 1014 744 1079 iontibue
759 1016 878 1101 Gangis
895 1014 1095 1093 omninoque
1230 1042 1235 1047 ·

58 1114 100 1177 de
112 1112 227 1199 Gange
240 1113 393 1197 exposuit.
416 1117 626 1180 llenuelliena
638 1114 743 1180 tubulr
756 1131 790 1181 et
804 1115 911 1182 fontes
924 1129 958 1179 et
974 1115 1095 1178 flexum

56 1212 204 1299 primum
220 1214 340 1303 (langiu
357 1218 534 1281 luculenter
547 1218 690 1284 exhibet.
738 1220 777 1282 lu
795 1219 863 1282 lacu
878 1235 996 1288 tumen.
1019 1232 1095 1278 cum

55 1315 183 1401 erupit,
212 1327 304 1379 etex
324 1318 466 1402 abruptis
487 1320 521 1383 in
548 1321 643 1405 plana
665 1321 811 1394 devenit,
844 1319 995 1403 hoipituri
1016 1316 1096 1381 dicit
1123 1336 1126 1341 ·

56 1417 155 1482 eriam
173 1415 261 1482 Plin.
276 1438 304 1481 c.
319 1420 342 1483 l.
373 1419 504 1486 Curtiue
518 1416 588 1485 c.'l.
616 1434 701 1485 eum'
724 1422 764 1485 ab
793 1420 926 1487 obiectis
951 1419 1095 1504 rupibus,
1161 1424 1164 1429 '

55 1536 132 1581 cum
143 1518 186 1581 ed
200 1520 408 1584 meridianem
417 1518 590 1613 regionem
606 1524 755 1596 decurrit,
777 1524 988 1586 adorientem
1004 1519 1095 1582 incli-

54 1622 125 1683 urri
142 1620 249 1694 tradit,
273 1620 335 1695 hic.
354 1636 392 1685 ut
406 1625 492 1696 alibi,
515 1644 627 1707 parum
642 1627 748 1711 gravio
761 1639 881 1689 auctor.
915 1623 969 1686 Sic
984 1636 1094 1686 tamen

55 1734 90 1799 et
111 1720 168 1785 elii
182 1724 218 1785 iu
240 1722 400 1788 orientem
417 1726 503 1809 flecti
526 1727 671 1809 tradunt,
696 1740 734 1789 ut
748 1726 861 1791 Strabo
882 1736 939 1803 15.
954 1744 987 1809 p.
1003 1732 1091 1803 474.

55 1816 176 1903 [690.
200 1824 349 1890 Lucrum
363 1841 397 1907 3.
414 1842 499 1909 251.
515 1828 583 1913 (qui
596 1828 676 1892 adeo
691 1828 730 1891 ad
744 1828 819 1891 oltir
833 1822 953 1909 refert.)
978 1824 1094 1888 Vibiue
1129 1810 1132 1815 ’

56 1922 224 2009 sequester
240 1946 273 2009 p.
294 1948 339 1993 m.
365 1928 420 1995 16.
443 1964 496 1977 -·
527 1930 614 2012 quod
644 1911 841 2013 aliouatenur
872 1941 997 1991 tantum
1029 1922 1095 1986 dici

51 2026 169 2111 potest.
208 2026 368 2093 Maximus
385 2032 494 2095 Indiae
510 2032 630 2094 fluvius
645 2030 819 2094 celebratur
832 2032 977 2112 ludoque
993 2027 1094 2089 etium

55 2128 171 2194 melor.
212 2130 287 2193 vid.
308 2133 432 2197 Arriun.
453 2134 489 2195 in
510 2133 612 2196 ludic.
634 2153 701 2217 cup.
717 2140 753 2212 4.
778 2144 811 2197 et
832 2132 873 2194 lic
894 2127 1035 2193 Eullmh.
1053 2123 1095 2188 ad

55 2226 193 2312 Dionys.
214 2250 248 2293 v.
269 2241 376 2315 1143.
400 2236 580 2297 maximum
601 2235 680 2297 adeo
703 2232 772 2297 etio
794 2228 887 2299 nure?
905 2226 965 2319 τὴν
989 2228 1096 2292 oiuou·

54 2328 153 2423 μίνην
174 2332 336 2421 ποταμῶν
359 2334 556 2424 ἱστοροῦσιν,
583 2336 652 2418 poll
669 2337 805 2409 ludum,
832 2348 905 2429 tum
925 2333 1038 2397 liirum
1059 2339 1095 2393 et

55 2434 172 2523 Nilum
190 2432 287 2515 [equi.
318 2436 414 2499 Unde
427 2436 496 2520 poll
509 2437 594 2500 Mela
607 2438 648 2498 de
665 2436 764 2499 Indo:
791 2435 881 2498 Hine
893 2454 992 2516 ponte
1009 2432 1097 2495 Gan·

54 2540 115 2619 gen
132 2534 353 2615 magnitudine
365 2551 542 2622 exaequam·
566 2552 599 2601 et
613 2536 690 2599 hinc
705 2538 813 2600 minue
823 2552 907 2601 recte
923 2534 1036 2599 Cicero
1053 2532 1095 2594 de

54 2636 99 2702 N.
112 2640 212 2701 Deor.
230 2652 262 2707 Ω,
277 2650 335 2714 52.
351 2626 469 2701 Iulium
483 2640 620 2701 omnium
624 2634 799 2727 fluminum
815 2639 991 2700 maximum
1006 2634 1095 2703 dicit.

55 2741 145 2823 quod
161 2741 269 2801 veriuo
283 2741 324 2801 tle
339 2740 448 2824 Gange
464 2740 576 2804 Strabo
595 2754 650 2819 15.
666 2762 700 2824 p.
709 2749 795 2818 475.
813 2738 834 2803 l.
853 2734 937 2819 692.
965 2736 1097 2799 Curtius

56 2858 92 2923 9.
117 2858 152 2913 Ω,
177 2856 211 2904 n.
233 2853 266 2903 et
288 2841 359 2913 alii,
393 2861 475 2924 quoe
499 2842 543 2903 ibi
569 2843 677 2904 laudat
701 2840 951 2903 Freinshemius.
1004 2839 1097 2899 ldem

56 2958 168 3007 eutem
184 2942 333 3006 Arrianus
348 2962 375 3005 c.
392 2943 415 3006 l.
438 2944 591 3029 grandem
613 2944 678 3004 iam
700 2942 775 3003 inde
798 2940 836 3001 rb
859 2941 931 3023 iplis
953 2936 1098 3001 fontibue
1130 2992 1140 3021 x

56 3046 133 3109 oriri
160 3044 266 3113 trudit.
324 3042 583 3130 Magnitudinem
612 3045 680 3105 eiua
701 3040 844 3104 efficiunt
866 3042 961 3103 multi
992 3037 1098 3109 fluvii,

56 3147 245 3231 uliquiadeo
255 3144 311 3228 ipsr
325 3146 530 3231 navigabiles,
547 3145 603 3229 qui
618 3146 652 3205 in
663 3162 737 3207 eum
752 3142 783 3205 le
798 3153 980 3207 exonerant.
1007 3140 1095 3203 Plin.

59 3268 87 3313 c.
102 3250 124 3315 l.
145 3247 282 3312 omnino
302 3266 343 3328 ¹9
359 3246 470 3320 habet,
497 3247 696 3328 totidemque¹
712 3243 777 3307 iere
794 3255 958 3307 enumeret
973 3241 1096 3305 Arrirn.
1155 3262 1163 3277 ⁸

57 3352 95 3415 ln
107 3351 211 3413 indic.
230 3366 296 3432 cap.
312 3360 347 3428 4.
375 3350 428 3430 qui
444 3369 558 3433 parum
573 3368 591 3411 a
608 3348 716 3411 Plinio
732 3347 897 3428 diecrepat.
949 3346 995 3407 Ita
1017 3358 1098 3404 vero

58 3454 255 3517 recentiores
271 3448 444 3513 describere
464 3451 551 3522 vidi.
577 3462 631 3521 ut.
657 3449 714 3510 ubi
733 3448 863 3531 ropidue
879 3447 931 3517 fir,
956 3446 1100 3508 multum

58 3566 161 3618 terne
175 3550 320 3634 abripiat,
344 3548 453 3615 versuo
467 3572 553 3616 mare
568 3550 702 3614 vadosus
717 3570 756 3613 ex
773 3552 853 3612 limo
871 3547 1017 3611 conlecto
1031 3544 1103 3608 red·

59 3657 163 3720 detur.
198 3650 321 3717 Λευκὸν
341 3646 427 3741 ὕδωρ
446 3654 559 3716 illidat
576 3650 710 3731 Dionys.
726 3673 759 3717 v.
777 3652 861 3715 626.
896 3647 1101 3713 Profundum

57 3754 133 3821 iecit
155 3776 310 3827 ιοο,οοο
328 3755 463 3837 pedibus
481 3753 723 3835 Martian'cup.
742 3751 775 3816 6.
796 3772 829 3835 p.
847 3760 932 3831 224.
955 3751 1102 3835 quamvls

58 3860 114 3923 elii
128 3859 288 3921 omittunt
303 3856 408 3921 Mille.
445 3856 529 3920 Plin.
546 3861 574 3921 c'.
588 3857 610 3919 l.
630 3856 687 3917 lic:
713 3852 767 3916 ubi
782 3852 945 3915 minimum
960 3864 982 3931 8
996 3853 1048 3917 M.
1060 3854 1101 3919 Ρ.

59 3958 250 4030 latitudine,
285 3956 339 4020 ubi
364 3957 520 4023 modicum
539 3956 725 4054 stadiorum
751 3966 898 4027 centum:
932 3954 1102 4019 altitudine

56 4080 218 4150 mquam
239 4060 357 4124 minore
374 4050 458 4150 paff.
476 4074 536 4127 no.
576 4058 709 4125 Solium
724 4076 754 4122 c.
771 4068 833 4138 52.
850 4055 1012 4121 mittimam
1028 4057 1103 4121 loti·
