2558 4606
166 341 229 427 ¹9⁶
334 315 954 421 saorra-axearaarorn·
1058 404 1062 411 ,

163 516 316 583 'numerat
346 512 439 583 hadia
465 530 584 601 4250,
625 541 643 584 a
675 506 824 602 cinara
841 488 952 603 =porro
982 513 1022 578 000
1050 501 1215 606 Mosarna

162 621 274 683 'arbem
298 624 332 683 in
352 616 522 687 ¹Gedrosrae
543 623 685 688 confinio
708 632 825 703 5350,
856 628 936 704 qaae
959 617 1118 681 0000000000
1140 630 1219 678 con·

170 723 466 788 ficiuntstarliornrn
484 728 594 818 96oo,
620 744 699 794 000,
718 724 1080 793 utibiedltrrn'taao'.
1116 714 1218 803 Quod

136 804 141 819 ’
170 827 283 909 igitar
277 846 327 887 ex
345 826 482 889 Nearchi
499 814 626 912 pareplo
640 827 786 898 discitur,
811 805 1007 889 habitarent
1013 820 1146 885 0100000
1162 836 1219 881 on

109 952 114 967 ·
167 927 332 988 maritima
353 929 482 992 indeah
498 930 697 993 Indoflurio
713 926 858 992 Arabies.
882 922 994 1007 (00000,
1010 922 1152 1006 quatiet
1171 918 1220 989 ibi

163 1030 308 1099 volunt.
334 1028 459 1102 Arbies,
484 1033 538 1095 vel
553 1031 660 1102 Arari,
683 1029 867 1108 Arabiane.)
902 1030 977 1092 virt.
994 1014 1156 1091 llarduirt.
1179 1020 1222 1084 aa

171 1129 259 1191 Plio.
278 1132 311 1200 6,
336 1144 394 1209 05.
421 1132 443 1196 0.
460 1148 518 1213 23.
545 1149 578 1197 et
598 1131 797 1198 Wernedorf.
820 1136 859 1195 ad
881 1129 1031 1194 Priscian.
1054 1146 1089 1191 r.
1110 1140 1223 1192 0000.

38 1282 43 1291 .
172 1230 286 1292 Onitae
303 1231 357 1295 inb
376 1235 533 1306 Gedrotia.
559 1230 832 1335 ichthyophagi
811 1237 850 1297 ad
867 1232 1048 1317 Carpellam
1066 1240 1225 1313 promon-

39 1364 44 1393 ι
117 1314 297 1395 sterium
315 1336 396 1397 tinne
412 1336 537 1409 Persici,
564 1338 736 1409 Carmanii⁹
762 1334 883 1401 Persae.
922 1334 971 1396 ita
985 1332 1099 1395 0000000
1116 1346 1223 1413 popu·

171 1428 286 1495 lorum
309 1434 456 1501 describit
473 1442 569 1502 etiam
591 1440 705 1504 strabo
727 1450 783 1518 15.
807 1456 879 1523 pag.
896 1433 1029 1518 495fq.
1048 1432 1074 1496 0.
1086 1428 1222 1513 wolq·

69 1532 73 1547 “’
175 1534 230 1597 cf.
248 1538 345 1598 etiarn
362 1542 498 1607 Diodor.
517 1559 571 1617 17,
586 1541 691 1623 'roal
686 1563 717 1622 q.
770 1535 1131 1623 Deipsrapopnlirlllit
1141 1530 1222 1598 vltl·

176 1637 304 1701 Salmas.
322 1641 360 1700 ad
377 1642 479 1707 80100.
496 1650 563 1725 cap'
580 1653 640 1722 54.
658 1641 678 1705 0.
696 1652 755 1719 57.
773 1660 806 1725 p
812 1660 869 1701 ·m.
888 1632 973 1719 853.
998 1650 1031 1701 et
1051 1638 1095 1700 de
1109 1650 1227 1699 eornm

178 1738 265 1801 litu.
291 1740 364 1805 Poll
380 1743 498 1813 Oritae.
517 1747 571 1827 qui
589 1742 735 1807 Arbieli.
741 1742 790 1804 'ab
803 1742 943 1806 Arbibue
959 1728 1229 1803 atterminaban'-

176 1851 241 1910 tur,
264 1853 297 1903 et
314 1844 551 1932 Ichthyophagi
568 1847 755 1912 Carmaniae
771 1842 902 1907 00000000
918 1838 1077 1925 adscripti,
1100 1852 1135 1901 et
1149 1838 1229 1899 hina

178 1939 324 2004 bifariam
349 1942 505 2031 dispertiti
526 1949 706 2019 Carmanii.
740 1962 882 2029 quotum
905 1943 934 2007 ol
951 1939 1010 2034 μὲν
1033 1924 1230 2030 latrar'qalhlot,

172 2037 232 2108 xrol
256 2041 283 2106 ὃ
302 2041 466 2114 ἔνδοθεν’
454 2073 650 2139 praeparat,
684 2043 1085 2130 utlestaprrdDionyl.v
1061 2052 1228 2123 moss5

176 2146 299 2213 Litora
318 2171 396 2230 pars
411 2150 576 2222 0000000000,
600 2151 723 2213 madiae
736 2170 814 2229 pars
830 2149 943 2209 limina
958 2158 1061 2210 tarrae
1075 2144 1227 2210 00000000.

175 2264 318 2330 0995.
359 2251 433 2313 Post
448 2253 635 2316 Carmanios
655 2254 751 2335 ponit
772 2250 960 2321 Gedr‘osroa,
992 2247 1127 2311 Oceano
1151 2246 1231 2310 rici·

93 2354 95 2359 ’
127 2418 130 2423 ,
180 2369 252 2412 noe.
291 2352 356 2413 Etli
372 2356 461 2415 enirn
479 2352 603 2417 [obiicit
619 2355 725 2417 Oritas
746 2367 779 2414 et
794 2350 908 2415 Arbies
927 2352 1002 2414 citra
1018 2350 1151 2419 ladam.
1177 2348 1232 2411 ad·

179 2468 270 2534 paret
285 2464 390 2516 tamen
408 2457 585 2519 Carmaniis
601 2473 658 2519 eor
673 2456 782 2517 tribui.
835 2454 1007 2538 Duplicem
1021 2442 1114 2513 enim
1129 2451 1232 2534 polle·

174 2555 281 2616 riores
297 2570 439 2620 auctorat
455 2557 622 2640 profanant
637 2557 860 2627 Carmaniam,
886 2558 978 2619 00000
992 2557 1181 2617 alterutram
1195 2554 1232 2615 in

181 2660 331 2719 maximis
354 2658 475 2723 Perfiae
498 2661 675 2742 provinciis
697 2658 889 2721 Ammianua
914 2673 971 2735 23,
994 2658 1028 2720 6.
1051 2652 1130 2741 pag.
1144 2664 1230 2741 284.

183 2759 375 2838 (Gronov.)
408 2777 502 2824 vocat
539 2763 748 2824 Carmaniam
781 2761 929 2822 maiorem
938 2780 951 2833 ,·
982 2758 1049 2820 'alii
1073 2754 1231 2821 desertam

182 2878 297 2933 unam,
323 2863 451 2925 alteram
475 2863 657 2946 simpliciter
679 2862 881 2926 Carmaniam
891 2882 905 2934 ,·
927 2858 1102 2943 in'quihua
1125 2858 1235 2922 Ptole·

147 2974 153 3003 ¹
184 2982 295 3026 maeno
312 2965 344 3033 6,
362 2966 395 3028 6.
415 2978 448 3026 00
465 2978 498 3044 3.
526 2965 705 3028 Marcianus
720 2965 756 3026 in
777 2962 900 3046 periplo
916 2980 988 3049 pag.
1007 2978 1066 3027 00.
1085 2959 1233 3042 (000010.)

175 3066 299 3130 Veram
323 3067 523 3128 Carmaniam
545 3081 640 3130 vocat
661 3069 790 3130 alteram
807 3064 1010 3150 Agathemer.
1029 3078 1062 3135 0,
1087 3066 1121 3129 6.
1168 3060 1233 3127 De·

109 3222 112 3227 .
184 3166 297 3230 lertara
322 3168 467 3231 Parthiae
495 3167 653 3233 subiacere
679 3171 775 3241 dicit,
815 3182 922 3230 veram
951 3167 990 3228 ad
1016 3186 1104 3230 mare
1129 3185 1233 3247 usque

184 3270 263 3330 hino
281 3272 443 3352 permitti,
469 3273 504 3331 in
520 3286 585 3353 quo
602 3271 699 3334 etalii
715 3268 930 3332 consentiunt.
980 3268 1123 3350 Antiqua
1141 3265 1233 3330 0000000

184 3368 350 3435 Carmanii
375 3374 409 3432 00
433 3372 518 3434 Mela
539 3387 626 3435 recte
642 3373 779 3457 intelligi
801 3371 928 3454 poliunt
948 3389 1006 3452 per
1026 3371 1121 3433 000000
1146 3376 1235 3432 c'om·

91 3536 95 3543 ,
185 3489 415 3537 memoratum.
469 3474 531 3537 Sed
547 3477 636 3556 qnod
653 3475 693 3537 de
710 3475 748 3536 iie
765 3488 883 3544 narrat,
910 3472 1025 3535 0000000
1039 3475 1167 3559 audiar,
1194 3472 1234 3532 ad

187 3575 293 3648 Oritas
318 3578 373 3639 vel
393 3576 657 3661 ichthyophagos
678 3579 788 3658 potina
808 3573 916 3638 referri
937 3574 1050 3646 debet,
1076 3578 1160 3638 ultra
1179 3570 1233 3634 ha·

151 3694 155 3701 ’
187 3679 336 3750 bitantea,
361 3681 410 3739 000
429 3677 510 3739 inira
530 3677 702 3742 notabitur.
719 3678 857 3760 Atque
877 3672 917 3739 000
932 3674 1073 3750 miscere.
1098 3679 1152 3740 rel
1170 3690 1233 3737 tur·

186 3781 525 3846 baravidetur.1n
549 3779 667 3843 deferta
691 3779 730 3842 ad
751 3780 913 3842 Parthiam
935 3780 1039 3860 neque
1061 3783 1233 3864 oppidum,

186 3905 293 3969 neque
306 3879 443 3947 fluvium
460 3884 652 3945 memoravit
671 3876 891 3954 Ptolemaeus,
916 3892 948 3943 at
968 3878 1215 3963 freqrrentem'
1193 3901 1234 3944 000

186 3986 263 4053 facit
277 3988 479 4052 Carmaniam
495 3998 615 4048 veram.
652 3984 787 4070 subegit
801 3960 1003 4073 Carmaniam
1018 3982 1100 4047 olim
1118 3964 1232 4055 Ninus,

187 4092 344 4173 (Diodor.
363 4107 396 4160 0,
420 4089 473 4167 0.)
498 4086 568 4173 poll
584 4089 689 4172 paruit
705 4087 825 4160 Perae,
852 4084 1001 4174 quorum
1015 4104 1086 4162 rex,
1119 4088 1233 4172 Cyrur.
