2558 4606
275 313 633 415 lurconum.
665 354 710 415 21.
731 358 790 415 m.
831 356 911 419 nr.
954 363 981 433 l·
1002 366 1035 432 a
1136 370 1180 433 aa

131 530 383 616 perbonam,
406 528 575 595 obscurum
589 528 678 594 inille
694 531 818 614 lateque
833 530 972 613 patuiiie,
989 528 1185 595 Wernadorl

103 635 109 659 ¹
133 638 174 699 de
189 634 320 717 republ.
337 633 524 696 Galatarum
539 652 605 716 cap.
623 648 657 695 c.
679 635 708 712 §.
728 647 760 713 3.
773 654 809 717 p.
826 646 887 712 59.
909 646 942 696 et
961 653 1042 717 quoa
1062 636 1180 700 laudat.

133 737 160 799 Δ
175 738 272 822 Tago
298 754 377 797 vero
401 735 439 797 ad
467 733 633 798 Artabrum
659 753 765 817 prom.
792 748 838 816 30
860 736 997 820 populor
1022 735 1182 810 habitaffe.
1226 730 1230 741 '

133 838 232 905 tradit
251 836 365 901 Strabo
384 850 418 919 3.
438 856 471 921 p.
492 836 572 901 106.
592 834 615 900 l.
636 847 717 916 254.

218 1041 250 1104 G
264 1062 281 1102 r
293 1060 351 1105 0-0
362 1043 376 1103 i
388 1039 428 1123 i)
476 1042 527 1104 De
549 1036 635 1104 varia
655 1041 785 1105 illorum
802 1041 951 1128 scriptura
965 1042 1005 1106 ci.
1020 1052 1089 1107 not.
1110 1028 1183 1106 crit.

136 1164 212 1231 pag.
232 1156 280 1222 2ss
296 1141 359 1224 sqq.
395 1138 517 1205 Sobolr's
532 1143 723 1206 Graecorum
743 1142 874 1207 inerunt
892 1144 949 1208 lec.
964 1146 1047 1209 Plio.
1069 1154 1101 1228 4.
1120 1154 1180 1221 54.

138 1244 163 1307 l.
181 1261 243 1309 ao.
264 1258 298 1307 et
320 1244 397 1306 hinc
419 1243 476 1306 Sil.
499 1244 568 1308 ltal.
595 1259 628 1325 3,
655 1244 739 1324 366.
766 1244 881 1310 Grovii
907 1248 1029 1310 violato
1059 1247 1184 1308 alumine

141 1344 294 1417 oratum,
321 1366 416 1427 quam
433 1346 622 1427 opinionem
640 1346 806 1409 adstruunt
825 1348 895 1419 alii,
920 1350 975 1431 qui
993 1348 1128 1411 Graecoe
1146 1348 1183 1409 in

138 1448 196 1511 iila
217 1449 287 1510 loca
306 1446 425 1510 venille
445 1461 589 1520 narrant,
621 1449 654 1510 ln
677 1449 792 1529 quibua
814 1450 953 1511 maxime
976 1450 1019 1511 eil
1044 1448 1184 1512 lullinul

139 1559 204 1630 44,
222 1564 256 1630 3.
283 1569 324 1613 ex
337 1568 401 1631 quo
417 1549 544 1619 Teucer
554 1548 623 1631 poll
643 1551 741 1611 linem
756 1551 890 1613 Troiani
905 1550 981 1613 belli
998 1553 1096 1634 patria
1113 1570 1185 1633 pro·

138 1650 265 1715 hibitus
288 1653 418 1713 undem
440 1651 474 1710 in
497 1646 683 1733 Hispaniam
707 1648 871 1724 conceffit,
901 1665 936 1717 et
957 1651 1187 1736 Carthaginem

140 1772 266 1817 novam
288 1752 470 1834 occupavit.
504 1772 544 1813 ex
563 1773 624 1833 qua
645 1753 776 1814 cumin
798 1752 994 1817 Callaeciam·
1009 1752 1184 1823 traneiiffet,

140 1855 255 1940 politia
272 1852 397 1916 sedibue
412 1855 501 1939 genti
515 1873 636 1916 nomen
654 1854 753 1916 dedit.
777 1854 950 1918 Callaeciae
965 1855 1060 1916 etiam
1078 1856 1185 1937 portio

141 1956 352 2040 Amphilochi
367 1955 541 2018 dicebatur.
581 1957 710 2017 Accedit
726 1954 840 2033 Strabo
857 1974 890 2040 3.
909 1977 943 2039 p.
962 1969 1042 2034 003.
1058 1954 1079 2018 i.
1102 1970 1185 2033 157.

142 2061 198 2142 qui
221 2078 263 2120 ex
285 2060 380 2120 variie
402 2055 717 2126 adeluibus-refert,
752 2056 888 2120 Graecoe
916 2057 970 2119 hio
992 2071 1027 2120 et
1049 2058 1187 2119 ulteriua

142 2158 334 2230 conledille,
368 2158 497 2219 tamin
522 2156 671 2223 Callaecia
697 2158 811 2223 urbem
835 2162 933 2222 etiam
956 2158 1188 2241 Amphilochoe

141 2273 320 2332 memorat,
353 2259 444 2322 cuiue
466 2261 557 2344 origo
577 2261 752 2335 adTeucri
776 2259 875 2323 [ocior
897 2273 930 2325 et
951 2262 985 2321 in
1009 2261 1120 2342 primia
1146 2260 1189 2322 ad

141 2362 401 2448 Amphilochum
421 2363 572 2444 pertinet.
623 2362 725 2424 Aliam
749 2375 910 2446 praetcrea
931 2361 1030 2424 huius
1054 2362 1188 2447 originia

142 2467 260 2530 urbem
283 2464 372 2525 addit
387 2455 549 2550 ’Έλληνες
570 2463 707 2532 dictam,
742 2481 855 2544 qnaea
876 2464 983 2525 Plinio
997 2482 1024 2525 c.
1049 2465 1069 2527 l.
1093 2483 1187 2526 voca·

143 2571 200 2630 tur
220 2567 378 2637 Helenor,
404 2564 473 2637 vel,
504 2566 554 2625 uti
574 2566 698 2626 mavult
718 2564 846 2645 Noniae
869 2567 905 2626 in
928 2562 1017 2648 Hiip.
1040 2584 1106 2647 cap.
1125 2575 1188 2643 [μ.

142 2670 313 2738 Hellenos,
339 2683 377 2729 ut
394 2686 510 2729 vocem
531 2666 682 2728 Graecam
697 2663 822 2728 referat.
874 2666 1023 2749 Denique
1041 2686 1184 2729 comme·

143 2785 288 2835 moratur
310 2769 385 2830 urbe
404 2769 516 2848 Tyde,
547 2763 672 2832 Τοῡόαι
691 2768 725 2827 in
746 2768 937 2839 Ptolem-2.
959 2769 992 2832 6.
1027 2766 1189 2860 ccfielium

145 2875 275 2945 Plinio¹
304 2891 321 2932 a
343 2872 504 2933 Diomede
526 2871 664 2933 condita.
697 2866 748 2931 cf.
769 2870 825 2933 sil.
847 2870 922 2932 ital..
939 2871 993 2939 16,
1019 2871 1102 2949 363.
1131 2870 1189 2950 qui

145 2976 227 3038 hinc
248 2972 393 3037 Aeolum
413 2985 507 3033 vocat
525 2984 559 3050 3,
580 2973 664 3051 367.
713 2970 803 3032 Bene
820 2983 928 3034 autem
944 2970 1188 3034 Drakenborch.

146 3080 188 3141 ad
205 3077 347 3160 priorem
362 3075 470 3134 locum
484 3092 522 3136 ex
539 3072 692 3151 Dionyfio
711 3082 839 3151 0483.
856 3085 891 3134 et
910 3073 1038 3135 Avieno
1051 3093 1084 3133 v.
1104 3073 1191 3152 648.

146 3180 278 3247 docuit,
306 3176 500 3237 Diomedem
523 3174 706 3257 Hispaniam
726 3173 851 3249 adiille,
877 3187 962 3234 certe
979 3175 1010 3235 id
1031 3175 1192 3248 creditum

145 3279 259 3352 suilla
284 3278 401 3355 Tydeu
416 3288 523 3338 autem
538 3278 572 3337 ln
587 3276 716 3340 Groviia
733 3270 880 3338 conlocat
892 3275 1106 3339 Ptolemaeus.
1138 3278 1192 3339 Ile

147 3383 266 3467 quibua
285 3379 440 3442 omnious
455 3378 522 3442 uid.
539 3374 715 3441 Resendiue
731 3379 763 3437 in
784 3379 907 3458 antiqu.
926 3377 1062 3440 Lulitan.
1078 3373 1135 3439 lib.
1157 3396 1190 3440 ι.

148 3504 183 3570 p.
198 3505 244 3548 m.
262 3496 321 3559 37.
373 3477 415 3541 lt
435 3481 553 3540 mirum
575 3478 635 3550 eil,
664 3478 750 3562 quod
772 3478 855 3540 Mela
875 3478 1052 3547 callaicam,
1078 3480 1192 3561 quiin

148 3607 203 3650 ora
222 3584 400 3654 lederent.
420 3582 562 3664 amplum
587 3581 759 3664 populum,
789 3581 882 3660 plane
901 3582 1079 3660 praeteriit,
1111 3579 1192 3645 Gro·

150 3690 222 3752 rioa
245 3698 355 3749 contra
372 3684 584 3753 memoravit,
616 3685 672 3764 qui
695 3695 801 3743 tamen
825 3683 900 3740 hinc
922 3686 1081 3745 remotior
1103 3680 1192 3743 laabi-

151 3791 223 3853 telle
243 3788 418 3854 videntur,
446 3784 466 3843 ii
489 3784 709 3847 Ptolemaeum
729 3783 847 3843 audias.
890 3782 1039 3844 Mannert
1057 3794 1191 3865 0.,339.

153 3914 181 3955 0.
196 3894 217 3957 l.
234 3901 341 3974 putat,
371 3885 493 3948 Melam
510 3905 565 3949 eoa
586 3906 660 3948 cum
682 3886 820 3946 Bracaris
837 3875 1075 3954 commil'ouiffe.
1096 3916 1100 3921 ·
1126 3882 1193 3945 Sed

153 3995 276 4064 dubito,
297 4011 339 4051 an
357 3988 472 4050 v'erum
485 3986 531 4067 fir,
551 4002 585 4049 et
596 3984 743 4069 Tydeus.
753 3987 861 4050 Tudre
878 4005 950 4046 cum
960 3985 1092 4055 ,Groviie
1106 3985 1193 4045 male

153 4096 374 4162 Ptolemaeum
390 4085 534 4173 poiniile,
558 4073 776 4172 numeretque
791 4101 957 4173 corruptos
973 4087 1080 4149 credo.
1107 4082 1194 4148 Nam
