2558 4606
179 362 231 423 IN
257 362 394 423 POMP.
422 360 532 425 MEL·
572 361 609 424 1·-
628 362 682 423 m.
724 362 858 427 avua
899 364 978 437 §.m
1041 372 1104 435 aar

64 528 187 601 anien
206 534 231 601 s.
251 558 283 601 v.
308 532 429 623 ἑρυθρᾶ
448 530 624 611 θάλασσα,
654 535 878 621 Paraphrastet
898 534 1046 617 Dionysii
1061 536 1105 602 ati

64 658 99 702 v.
121 639 207 714 607.
246 635 299 702 cf.
320 635 450 711 Politut
474 634 510 701 in
532 635 746 703 animadvers.
770 639 813 699 ad
832 634 966 719 Dionys.
992 638 1049 706 lib.
1070 660 1104 712 9.

65 758 97 805 e.
117 740 173 805 16.
188 760 221 825 p.
241 751 324 817 938.
349 738 408 802 ubi
425 743 520 826 plura
540 739 678 804 omnino
702 740 743 803 de
761 741 864 802 rubro
881 740 965 803 mari
989 744 1105 825 legun·

61 854 128 905 tur,
166 836 233 904 Alii
251 862 340 905 mare
355 843 493 905 rubrum
510 844 608 927 plane
628 832 865 927 distiirgnunta
881 845 951 907 smu
964 841 1106 912 Arabico¹

61 956 98 1005 et
110 943 258 1017 Persico,
282 939 320 1005 in
340 940 461 1029 quibus
476 941 667 1009 Marcianus
684 941 720 1007 in
734 942 863 1027 periplo
883 966 957 1031 pag.
979 960 1021 1023 23
1038 946 1105 1031 sqq.

59 1040 256 1129 (Hudson.)
290 1042 342 1107 ef.
364 1043 464 1107 etiam
479 1046 611 1110 Salmas.
633 1046 675 1107 ad
695 1044 800 1109 Sosin.
817 1066 845 1110 c.
865 1049 887 1111 1.
907 1069 940 1131 p.
956 1068 1000 1109 m.
1019 1058 1106 1127 549.

62 1158 99 1212 ct
114 1155 199 1225 345.
215 1143 277 1231 qni
292 1143 372 1209 hinc
386 1144 540 1231 explicat,
563 1168 624 1211 cur
639 1144 756 1212 alii-roi
776 1148 834 1231 τῆς
849 1143 986 1235 ἐρυθρᾶς
1006 1149 1107 1213 creati

60 1266 124 1331 pro
146 1244 297 1311 saucibus
311 1245 442 1312 Arabici
465 1251 569 1322 finus,
604 1246 660 1313 alii
682 1268 742 1333 pro
764 1246 884 1311 intimo
907 1248 1031 1313 recessu
1047 1270 1108 1333 po·

61 1362 163 1421 nent,
193 1365 294 1433 prout
313 1368 391 1411 eum
415 1370 434 1411 a
457 1349 540 1415 mari
557 1352 658 1413 rubro
679 1350 878 1423 excludunt,
904 1353 958 1415 vel
981 1347 1031 1413 illi
1053 1350 1109 1413 ati·

61 1446 225 1534 iungunt,
259 1448 311 1513 uti
332 1466 365 1513 et
386 1448 522 1514 discitur
545 1448 583 1515 in
603 1449 795 1515 universum
813 1472 855 1518 ex
875 1451 1042 1537 Procopio
1064 1451 1110 1518 de

61 1550 101 1616 Β.
117 1552 157 1615 P.
178 1572 208 1625 ι,
231 1570 285 1641 ¹9:
328 1554 401 1615 Neo
414 1551 520 1637 magia
535 1551 756 1625 consentiunt,
780 1550 849 1638 qui,
870 1554 1000 1616 excluso
1014 1570 1109 1618 utro·

63 1672 129 1739 que
153 1654 242 1727 fine,
275 1653 317 1715 de
342 1652 433 1725 mari
451 1657 552 1718 rubro
572 1652 711 1741 eiusque
737 1651 889 1717 terminio
912 1658 1107 1740 loquuntur.

61 1754 305 1826 Herodotum,
322 1772 406 1832 203.
440 1754 491 1819 uti
515 1753 581 1819 iam
601 1753 733 1839 notavi,
767 1776 860 1819 mare
882 1753 982 1828 illud,
1017 1756 1111 1842 quoti

62 1853 183 1921 Graeci
203 1853 362 1942 navigant
383 1873 474 1919 extra
498 1854 653 1921 Herculia
680 1860 869 1928 columnae,
903 1855 1111 1929 Atlanticum
1225 1856 1242 1892 ³

62 1972 98 2022 et
120 1940 263 2021 ritbrum
286 1974 402 2030 vocat,
435 1957 594 2045 idemque
620 1974 654 2020 et
677 1980 784 2021 unum
811 1957 872 2021 esse
897 1955 997 2029 dicit,
1029 1954 1052 2021 i.
1075 1977 1107 2033 c

62 2060 265 2133 cohaerens,
291 2058 368 2147 quia
390 2058 532 2145 obponit
551 2057 687 2145 Caspio,
716 2060 807 2145 quod
827 2078 887 2143 per
909 2059 938 2121 se
956 2058 1017 2131 est,
1043 2078 1113 2130 nea

60 2158 226 2227 eumalio
243 2152 484 2226 commiscetur.
516 2162 634 2227 Strabo
654 2162 708 2225 16.
726 2180 801 2245 pag.
816 2162 901 2238 5o6.
915 2159 939 2225 s.
958 2162 1042 2239 765.
1064 2180 1113 2235 co,

60 2260 201 2335 nornine
225 2260 457 2363 complectitur
478 2284 569 2335 mare
589 2258 768 2325 austrinum
789 2276 878 2326 extra
896 2259 1053 2325 Arabiam
1074 2278 1113 2326 et

60 2382 243 2451 utrumque
259 2366 379 2463 sinum,
402 2362 580 2435 Arabicum
601 2379 635 2427 et
648 2362 825 2428 Perficum.
863 2360 1081 2427 Marcianus
1069 2385 1116 2439 ιιι,-

61 2464 192 2555 periplo
212 2488 246 2555 p.
237 2480 317 2543 .13.
336 2465 460 2549 (Huds.
469 2464 484 2549 )
502 2482 681 2549 utrumque
695 2467 801 2529 finum
815 2462 976 2532 discernit
989 2487 1007 2529 a
1022 2462 1114 2530 mari

62 2570 186 2645 rubro,
220 2564 376 2631 Arabiam
398 2565 503 2653 ipsam
519 2568 562 2631 ad
575 2586 666 2629 mare
687 2568 841 2638 rubrum,
873 2564 997 2653 qnod
987 2562 1111 2651 rncipit

63 2672 104 2735 ab
126 2666 285 2755 angustiis
306 2666 379 2731 eiua
401 2671 506 2743 sinuo,
535 2682 570 2731 et
588 2665 800 2731 Homeritas
790 2690 827 2730 tn
842 2666 962 2734 Arabia
984 2666 1055 2731 ad
1045 2665 1110 2733 ani·

62 2768 151 2838 tium
165 2769 261 2837 rubri
276 2768 388 2844 maris,
415 2772 506 2856 quod
520 2770 560 2833 ab
576 2767 693 2833 Indico
710 2766 820 2855 excipi
840 2766 898 2845 ait,
920 2786 1108 2855 promovet.

64 2870 121 2964 cf..
133 2892 208 2961 pag.
224 2896 279 2938 ιι.
295 2887 330 2936 et
350 2882 405 2949 ¹5·
424 2872 496 2951 ,Ex
510 2891 577 2957 quo
595 2868 784 2943 conficisur,
810 2871 916 2933 sinum
931 2872 1109 2945 Persicum.

64 2979 119 3040 etsi
135 2996 217 3041 eum
233 2971 418 3060 separatim,
437 2988 475 3037 ut
490 2968 681 3044 Arabicum.
702 2987 874 3043 memorat.
896 2972 937 3035 ad
953 2969 1110 3039 Indicum

63 3075 178 3165 potina
196 3073 321 3161 abipso
337 3070 465 3147 referta,
500 3078 548 3139 lta
562 3093 683 3159 nempe
698 3070 816 3135 diserte
832 3069 946 3137 scribit
959 3094 1033 3159 pag.
1052 3084 1108 3153 ¹4·

65 3178 190 3267 cgreffo
204 3180 309 3251 smum
321 3176 485 3241 Perficum
499 3174 541 3241 ad
556 3173 712 3241 sinistram
728 3192 901 3239 occurrere
915 3195 1006 3239 mare
1021 3172 1111 3241 Indi·

66 3302 154 3355 cnm.
177 3276 416 3367 Agathemeroa
429 3296 462 3350 a,
477 3300 531 3344 ιι.
546 3280 586 3342 ab
600 3272 720 3342 Indico'
730 3274 816 3341 mari
829 3276 1022 3361 progressus.
1037 3276 1119 3342 sub·

66 3381 141 3449 iicit
156 3377 390 3455 Carmaniam,
415 3382 572 3460 rubrum,
594 3378 778 3466 quodcum
797 3376 856 3443 ilto
875 3374 1121 3461 coniungatur„

67 3484 125 3551 ubi
142 3478 262 3549 ostium
278 3484 362 3545 smus
376 3478 495 3545 Perfioi
511 3481 541 3543 se
562 3478 676 3567 aperit.
707 3479 781 3545 Posi
794 3482 932 3545 rubrum
948 3500 1038 3543 mare
1052 3499 1110 3567 po·

69 3586 118 3652 nit
138 3588 246 3651 smum
260 3579 456 3657 Arabicum,
482 3582 552 3667 posi
566 3584 656 3648 hunc
671 3597 706 3647 et
723 3578 887 3667 reliquam
902 3576 995 3645 rubri
1010 3580 1121 3647 marit-

68 3704 197 3779 partem
211 3705 302 3750 mare
316 3681 551 3769 Aethiopicum
565 3681 658 3749 iuxta
671 3679 872 3753 Barbariana
909 3682 954 3748 Et
965 3683 1007 3749 fic
1025 3704 1058 3757 a,
1075 3686 1109 3752 6.

71 3792 175 3855 sinum
189 3784 367 3852 Arabicum
388 3802 515 3871 partem
531 3782 613 3851 facit
631 3782 725 3849 rubri
739 3781 858 3859 maria,
883 3803 950 3871 quo
971 3782 1116 3858 nomino

74 3890 279 3955 etiamsllum
292 3902 392 3951 vocat
412 3912 442 3962 ι.
463 3908 495 3955 o.
532 3884 674 3963 etiaim,
697 3883 758 3973 qui
775 3887 809 3959 6,
829 3895 887 3965 98.
902 3883 924 3951 s.
942 3895 999 3969 94.
1020 3906 1111 3952 mare

75 3995 211 4057 rubrum
225 3989 263 4055 in
276 3990 360 4052 duaa
379 3993 464 4055 smus
478 3986 587 4055 dividi
605 3985 729 4061 scribit.
757 3985 794 4051 in
807 3983 986 4054 Arabicum
999 4002 1126 4061 tamen·

77 4089 228 4171 influere.
245 4089 340 4157 addit
361 4112 456 4166 maro
477 4086 659 4185 Διιιιὶιιιιι.
692 4084 791 4161 euin
814 4085 954 4179 quidem
975 4086 1113 4163 initian
1187 4087 1189 4094 ’
