2558 4606
171 356 303 445 ιρι]
434 303 946 419 ·ιιοιιιιίιιιοιι-ιιιι
1039 329 1081 377 ³³

169 538 233 605 etll
243 536 284 597 fic
304 546 401 618 putat
423 518 543 595 Galeas
560 520 635 618 pag.
653 551 684 594 9.
700 502 819 616 'potina
832 526 992 615 'spurium
1013 504 1087 598 aina
1108 530 1216 595 letum

171 632 321 703 declarat.
356 634 407 699 Cf.
422 634 468 695 ad
483 632 737 718 E'utr'opinm9
759 652 817 696 aa.
835 630 881 693 in.
908 628 968 702 ulii
984 648 1096 695 notata
1114 652 1155 697 ex
1170 634 1216 697 le

36 774 39 781 ·
170 737 362 835 quentibus
369 733 531 797 inlustrari
555 736 589 798 et'
608 733 724 820 perfici
744 730 893 819 poliunt
936 734 1066 819 Nempe
1083 736 1219 801 Britan·

169 846 244 927 niae
259 838 341 903 olim
356 828 465 900 ¹dictae
479 836 555 899 lunt
568 858 637 900 non
652 854 719 899 tam
731 833 914 908 Britannia,
936 856 1037 921 qnam
1054 834 1133 899 caim
1147 832 1221 935 ipla'

171 940 360 1011 adiacentes
374 937 511 1016 insulae,
537 936 588 1001 uti
605 938 723 1001 diserte
739 921 839 1001 tradit
851 934 980 1001 Plinius
997 949 1033 1020 4,
1051 954 1109 1016 30.
1120 939 1143 1005 l'.
1160 943 1217 1011 ι6.

171 1042 306 1111 Graecis
335 1041 410 1103 lunt
440 1038 657 1130 Bparravilte
683 1042 790 1128 νῆσοι,
822 1036 874 1102 uti
882 1038 1059 1155 Dionyfio
1077 1062 1110 1109 v
1111 1044 1217 1119 566

107 1166 110 1170 ’
170 1147 352 1231 Stephano,
377 1140 549 1233 Marciano
565 1165 593 1209 c.
614 1146 636 1209 l.
663 1145 718 1204 etsr
733 1140 796 1205 hic
808 1140 905 1203 'alnas
911 1138 1107 1205 eonomine
1129 1162 1219 1207 com·

171 1245 331 1339 plectitur
353 1266 431 1309 cum
444 1240 663 1329 Agathemero
682 1262 715 1314 9.
731 1255 766 1323 4.
790 1242 953 1306 Albionem
968 1258 1003 1305 et
1019 1242 1219 1318 Hiberniam,

172 1348 226 1415 uti
249 1365 284 1412 et
305 1344 447 1431 explicat
464 1345 607 1408 Eustath.
627 1347 670 1407 ad
690 1343 825 1424 Dionys.
842 1364 870 1412 c.
894 1348 916 1407 l.
957 1346 1018 1407 'Et
1036 1347 1079 1409 lic
1092 1342 1220 1411 'diserte

173 1446 362 1541 Stephanus
378 1444 547 1535 Ἰουερνίαν
564 1445 646 1527 (vid.
664 1449 697 1514 h.
708 1450 756 1533 v.)
774 1442 979 1535 llparaanrlpa'
995 1448 1091 1534 νῆσον
1107 1464 1218 1521 vocat,

173 1548 226 1621 nti
244 1548 422 1617 Albionem
444 1550 583 1613 Ptolem.
607 1564 640 1627 3,
670 1568 706 1611 9.·
755 1548 848 1632 Quae
872 1546 963 1610 enim
983 1546 1124 1633 proprie
1138 1548 1221 1614 dici·

174 1672 230 1721 tur
243 1649 428 1724 Britannia,
446 1636 607 1735 peculiari
622 1665 656 1710 et
671 1650 728 1711 luo
744 1647 882 1711 nomine
896 1666 1016 1713 vocata
1028 1650 1072 1712 est
1084 1650 1219 1739 Albion,

88 1749 90 1753 ⁷
160 1749 410 1839 '(P1ln.c.l.)
411 1749 545 1815 Graecia
561 1748 728 1824 ¹'Alonion
750 1748 992 1816 utiPtolemn
975 1769 1055 1834 ,3.
1080 1755 1226 1838 Agathe-

173 1880 257 1927 mer.
274 1874 309 1930 2,
325 1869 360 1936 4.
376 1865 457 1932 etss.
484 1854 629 1919 Eustath.
651 1874 679 1915 o.
699 1855 722 1917 1.
743 1854 797 1914 vel
815 1850 974 1931 ’Δλβίων,
998 1870 1037 1917 ut
1049 1853 1220 1919 Eustatlno

162 1944 204 2027 ιο.
220 1963 244 2029 l.
271 1954 490 2023 Marcianoc.
513 1959 534 2019 l.
556 1971 594 2016 et·
613 1953 900 2068 complectiturh.
917 1952 1070 2039 Anglr'arn
1094 1975 1128 2021 et
1147 1960 1227 2021 Sco-¹

173 2063 267 2129 tram.
305 2056 509 2142 Comprobat
528 2059 613 2120 hanc
642 2053 812 2141 antiquam
835 2056 1093 2141 adpellationem
1120 2058 1221 2123 ctiam

172 2164 266 2231 Beda
279 2160 317 2222 in
332 2157 402 2223 hist.
418 2156 524 2242 gentis
539 2160 671 2241 Anglor.
690 2179 716 2220 c.
737 2182 764 2220 ι.
789 2159 878 2228 etde
894 2157 965 2222 eiu's
979 2158 1100 2224 incolis
1114 2158 1222 2226 adfert

174 2266 336 2332 Britonaa.
368 2264 419 2322 De
436 2261 530 2322 caula
547 2257 706 2332 nominis,
730 2280 830 2345 quam
845 2244 1010 2324 ine'ertanr
1023 2261 1221 2346 putarant

174 2365 389 2432 Gambdenus
404 2358 440 2422 in
458 2360 628 2424 Britannia
648 2362 796 2441 (Amllel.
818 2366 945 2444 1646.)
966 2386 998 2448 p.
1020 2387 1075 2428 ιο.
1114 2366 1223 2428 Multa

176 2465 278 2533 etiam
295 2462 387 2527 dabit
399 2464 616 2547 Maepherlon
628 2461 763 2526 critical
775 2461 1000 2528 ¹dillertatio'ns
1022 2487 1066 2528 on
1084 2468 1141 2529 the
1159 2464 1223 2530 ori·

176 2567 235 2655 gin
258 2567 374 2630 oi-the
403 2563 538 2628 ancient
561 2564 800 2640 Caledonians3
838 2567 1010 2629 Baeterell
1030 2570 1076 2630 lea
1100 2567 1228 2632 delieea'

176 2673 220 2734 de
242 2665 274 2731 la
299 2668 431 2732 Grande
451 2670 623 2751 Bretagne.
651 2666 901 2753 (Leirle17o7.
922 2675 976 2749 8.)
1027 2672 1160 2733 Veteres
1182 2669 1224 2732 ad

175 2753 320 2839 Albiana
339 2769 469 2834 sabulos
467 2791 485 2830 e
504 2768 699 2832 relerebant.
726 2767 871 2856 (dequo
889 2771 966 2832 ndo
950 2785 1030 2848 0,‚5
1045 2776 1103 2851 4.)
1153 2772 1224 2856 Ipsa

177 2874 391 2939 cambdenus
417 2887 556 2956 putata
582 2874 638 2935 Gr.
666 2863 797 2952 ἄλφοι,
834 2870 963 2935 Latinis
995 2874 1125 2935 album
1123 2874 1224 2973 apud

176 2976 363 3050 Feltumh.
385 2996 417 3037 v.
450 2975 492 3034 ob
519 2994 629 3058 rupes.
688 2970 836 3057 Quidam
869 2972 1020 3036 derivant
1049 2996 1068 3036 a
1096 2944 1224 3039 (ΙΙεΙιὶοιι

179 3078 202 3145 [ι
223 3074 349 3141 Gallica
369 3095 454 3137 voce
474 3074 576 3152 Alba,
602 3075 694 3136 unde
715 3075 824 3136 adhuc
846 3097 929 3159 pars
926 3070 1071 3140 Scotiae
1092 3075 1225 3140 dicatur

176 3179 295 3248 Albain
321 3178 344 3242 s.
368 3175 545 3247 Allr'bawn,
588 3177 629 3237 de
653 3194 727 3263 'quo
759 3174 829 3237 Hill
856 3179 896 3240 ad
922 3176 1057 3260 Dionys.
1081 3202 1114 3244 v.
1136 3180 1222 3259 566.

177 3300 251 3367 p.o
233 3290 314 3359 94
342 3276 467 3357 (Lond.
488 3275 592 3361 1679.
613 3283 666 3358 8.)
704 3275 856 3347 ΔΙὶοιιιιιι
879 3276 1054 3364 opiniones
1077 3278 1227 3367 conlegit

60 3405 65 3411 ·
176 3380 286 3466 Rapin
308 3381 458 3458 Thoyraa
481 3377 552 3443 hist.
578 3380 806 3462 d’Angleterre
830 3382 870 3448 T.
894 3406 921 3446 1.
944 3404 983 3479 p.
996 3385 1077 3471 3lq.
1130 3386 1226 3447 Idem

180 3482 287 3547 etiarn
304 3478 463 3565 praestitit
490 3482 531 3542 de
552 3479 690 3543 nomine
710 3480 919 3557 Britanniae,
948 3486 1047 3570 ¹quoti
1066 3484 1226 3570 plerique

181 3607 261 3649 oum
281 3583 537 3671 cambdenop.
550 3607 603 3646 ιι.
631 3581 690 3669 qui
711 3586 815 3647 multa
832 3587 874 3647 de
895 3606 935 3648 eo
953 3585 1090 3661 adtulit,
1124 3586 1226 3648 dedu·

180 3702 262 3750 cunt
277 3707 296 3747 a
310 3686 407 3747 Britlt
428 3684 447 3746 l.
465 3682 572 3746 Brit
561 3706 584 3748 1.
601 3706 629 3749 e.
648 3689 843 3764 coloratum,
872 3691 1015 3752 attonio
1032 3688 1055 3752 i.
1073 3710 1102 3771 e.
1120 3686 1225 3773 regio,

181 3792 269 3874 quast
285 3786 469 3872 pictorum,
496 3787 685 3855 latratorum
703 3787 881 3851 hominum
899 3788 1016 3875 regim
1052 3791 1109 3853 luo
1130 3808 1228 3863 more

178 3892 363 3956 Bochartus
387 3885 423 3950 in
446 3890 603 3952 Chanaan
629 3914 658 3968 1,
683 3906 740 3970 39.
776 3892 864 3976 quall
888 3892 1024 3978 Barat-
1040 3914 1123 3955 anae
1145 3890 1169 3960 i.
1196 3913 1225 3957 e.

183 3984 260 4078 ager
280 3988 384 4054 stanni
405 4006 443 4052 et
456 3990 598 4074 plumbi.
613 3995 615 4000 '
649 3994 701 4055 De
718 3989 789 4054 eitra
806 3995 872 4060 fitn¹
885 3990 1025 4080 aliisque
1041 3994 1111 4079 poll
1125 3996 1227 4068 Mela,

181 4092 241 4163 ubi
254 4092 334 4160 vida
347 4104 471 4157 notata.
494 4096 532 4156 ln
547 4090 694 4163 circuitu
708 4088 901 4164 deliniendo
917 4084 1049 4163 ttriint
1065 4112 1225 4163 auctores.
